3222 5144
609 501 674 555 IIII.
694 500 803 554 Sermo
821 503 863 556 20.
1242 502 1303 566 301

164 681 351 760 acceperunt
370 681 425 742 aut
439 677 520 740 lilios
543 681 795 760 promanarunt,
819 676 879 740 nisi
901 677 987 756 haec,
1012 693 1107 756 quare
1130 676 1307 740 factasunt

164 787 218 847 aut
234 782 309 864 quid
324 801 374 846 res
391 783 470 846 istae
491 781 717 865 figuraucrunt,
739 781 870 863 spiritali
887 799 982 844 sensu
998 781 1198 864 perspexerit.
1235 799 1306 845 ecce

164 887 352 967 audiuimus,
388 887 470 969 quod
504 886 616 950 beatus
647 885 740 949 Iacob
775 886 918 968 genuerit
951 884 1051 948 filium
1084 888 1116 949 et
1149 885 1307 949 uocauerit

163 1010 276 1056 nomen
301 991 367 1054 eius
391 989 504 1072 loseph
528 994 560 1054 et
583 1009 656 1054 eum
678 989 748 1072 plus
772 1008 866 1072 quam
890 989 1025 1071 reliquos
1049 988 1130 1053 filios
1155 990 1305 1054 dilexerit.

163 1097 220 1161 hoo
243 1097 311 1160 loeo
333 1095 445 1160 beatus
468 1094 562 1159 Iacob
586 1095 719 1179 figuram
743 1095 853 1159 habuit
876 1095 925 1158 dei
947 1094 1055 1178 patris
1079 1098 1206 1160 sanetus
1230 1112 1306 1178 quo·
1345 1121 1358 1160 s

162 1219 223 1282 que
253 1201 369 1284 Ioseph
398 1203 509 1283 typum
539 1200 658 1264 domini
689 1199 788 1282 gessit
819 1199 995 1263 saluatoris.
1034 1199 1183 1282 diligebat
1212 1199 1305 1263 Iacob

162 1303 262 1368 filium
286 1323 378 1368 suum
402 1308 434 1368 et
457 1304 532 1368 deus
560 1308 649 1386 pater
676 1304 784 1368 dilexit
806 1304 933 1367 unicum
957 1321 1059 1367 suum.
1098 1303 1191 1368 Iacob
1220 1305 1306 1368 misit

162 1407 262 1472 lilium
293 1427 396 1488 suum,
427 1411 463 1472 ut
492 1408 529 1472 de
559 1407 709 1472 fratribus
741 1409 806 1471 suis
837 1407 1079 1472 sollicitudinem
1110 1412 1240 1491 gereret,
1275 1412 1306 1471 et

161 1513 238 1576 deus
262 1515 351 1595 pater
375 1512 461 1576 misit
483 1511 582 1576 lilium
606 1531 698 1576 suum
722 1512 928 1596 unigenitum,
952 1515 987 1576 ut
1009 1531 1108 1595 genus
1131 1513 1304 1575 humanum

161 1618 297 1700 peccatis
325 1616 508 1700 languidum
537 1617 689 1680 uisitaret.
725 1617 847 1698 Ioseph,
876 1617 951 1679 dum
978 1617 1091 1680 fratres
1115 1635 1187 1680 suos
1211 1634 1305 1698 quae·
1334 1645 1358 1682 ιο

160 1723 254 1802 reret,
284 1720 408 1784 errabat
434 1722 466 1784 in
495 1739 598 1785 eremo
623 1725 655 1785 et
676 1739 775 1805 genus
799 1720 941 1784 Christus
968 1721 1143 1784 humanum
1170 1721 1306 1802 require-

161 1825 226 1906 bat,
251 1826 333 1908 quod
357 1825 482 1890 errabat
501 1826 533 1889 in
555 1825 681 1906 mundo,
705 1843 766 1907 quo
785 1826 817 1889 in
838 1825 955 1888 mundo
975 1826 1062 1907 quasi
1084 1825 1202 1908 etipse
1223 1843 1306 1889 erra-

161 1929 227 2010 bat,
259 1931 333 2012 quia
363 1933 502 1995 errantes
530 1929 710 2012 quaerebat.
741 1930 864 2013 'Ioseph
890 1930 1005 1994 fratres
1033 1947 1106 1993 suos
1134 1929 1305 2011 quaerebat

160 2035 193 2098 in
214 2033 369 2098 Sichimis.
394 2033 532 2099 Siohima
551 2035 775 2118 interpretatur
795 2035 956 2098 humerus,
985 2053 1109 2116 semper
1130 2035 1213 2098 enim
1234 2053 1305 2116 peo-

161 2143 283 2203 catores
313 2138 440 2202 dorsum
470 2141 591 2221 ponunt
621 2139 653 2202 in
684 2138 797 2202 faeiem
830 2139 914 2203 iusti.
952 2140 1074 2202 humeri
1106 2140 1191 2203 enim
1222 2143 1304 2202 retro
1333 2166 1357 2205 ιε

161 2247 245 2307 sunt.
283 2243 363 2306 siout
387 2243 471 2308 enim
494 2243 607 2307 iratres
630 2243 745 2326 Ioseph
767 2243 886 2307 inuidia
907 2243 1047 2326 percussi
1075 2244 1232 2307 fraternae
1259 2243 1305 2306 di-

160 2347 285 2411 lectioni
308 2347 435 2411 dorsum
459 2347 560 2431 magis
584 2365 678 2429 quam
701 2347 815 2411 faciem
838 2347 1021 2428 offerebant,
1043 2348 1087 2411 ita
1110 2352 1142 2411 et
1163 2347 1303 2411 infelices

160 2449 269 2515 Iudaei
299 2452 437 2516 uenienti
467 2452 506 2515 ad
537 2469 588 2516 eos
620 2452 731 2515 salutis
762 2453 880 2516 auctori
910 2452 1048 2515 inuidere
1076 2452 1179 2534 potius
1207 2469 1303 2534 quam

88 2627 91 2634 Ι
161 2557 290 2640 diligere
313 2557 502 2620 maluerunt.
541 2557 578 2619 de
603 2555 719 2620 talibus
743 2556 854 2620 dicitur
876 2557 909 2620 in
936 2557 1072 2639 psalmo:
1103 2555 1303 2618 obscuren-

160 2665 220 2724 tur
241 2660 340 2723 oculi
361 2677 500 2740 eorum,
527 2679 572 2724 ne
595 2661 762 2741 uideant,
787 2663 823 2724 et
843 2661 992 2724 dorsum
1012 2678 1302 2742 eorum-semper
1329 2685 1355 2724 ro

159 2764 324 2828 incurua.

204 2867 331 2932 inuenit
353 2867 466 2952 loseph
489 2869 600 2932 fratres
625 2887 697 2933 suos
720 2869 752 2932 in
776 2869 937 2932 Dothaim.
975 2869 1124 2933 Det-haim
1151 2869 1302 2952 interpre-

161 2977 244 3036 tatur
267 2973 409 3038 deiectio.
448 2992 521 3036 uere
546 2973 578 3036 in
601 2973 711 3056 grandi
734 2973 907 3037 defectione
932 2977 1031 3054 erant,
1063 2974 1115 3056 qui
1139 2973 1176 3036 de
1199 2973 1302 3037 fratri·

162 3076 242 3140 eidio
273 3075 461 3160 cogitabant.
500 3077 642 3140 uidentes
674 3095 746 3160 ergo
770 3077 883 3160 loseph
914 3077 1027 3140 iratres
1059 3077 1108 3140 sui
1138 3078 1176 3141 de
1204 3082 1302 3141 morte

162 3179 243 3244 illius
264 3183 486 3245 tractanerunt.
526 3182 572 3244 sic
591 3181 732 3245 uidentes
753 3199 863 3244 uerum
880 3181 993 3264 Ioseph
1008 3181 1114 3245 Iesum
1132 3179 1302 3262 Christum,
1329 3207 1355 3246 25

268 3317 313 3387 19]
332 3317 430 3372 Pselm.
444 3321 486 3384 68,
500 3319 540 3374 24.
624 3395 637 3430 ἣ

206 3441 218 3495 1
239 3438 395 3506 acciperunt
412 3439 442 3494 D
488 3443 649 3509 perseuerat
667 3441 696 3494 D
748 3443 765 3495 2
783 3439 944 3509 perspexerit
961 3441 1042 3510 dap,
1061 3455 1134 3509 semp
1154 3441 1255 3494 exerint
1273 3442 1303 3495 D

162 3527 178 3580 5
200 3529 307 3580 sanctus
330 3526 444 3595 quoque]
468 3543 534 3581 nam
557 3529 715 3595 sanctusque
736 3527 928 3584 suadendum?
990 3527 1177 3596 tet-suum]
1196 3527 1258 3595 quia
1276 3531 1302 3580 et

163 3611 225 3666 deus
248 3617 324 3682 pater
347 3611 436 3681 diligit
459 3612 627 3682 unigenitum
646 3630 734 3683 auum,
755 3613 898 3682 sicutipse
917 3613 993 3666 dixit:
1017 3613 1060 3666 hic
1079 3617 1119 3668 est
1137 3613 1208 3667 iilius
1227 3629 1301 3667 mens

163 3724 274 3779 dilectus
292 3727 364 3795 Aug.
419 3723 511 3780 dilexit
527 3727 634 3796 scripsi,
653 3725 747 3794 dilegit
762 3729 792 3782 D
845 3727 919 3780 misit
936 3745 1071 3797 suprascr.
1084 3728 1115 3782 D
1166 3693 1259 3782 Seium
1274 3729 1303 3782 D

164 3811 325 3867 terranem
343 3827 421 3866 suum
440 3829 472 3868 aa
490 3812 585 3867 iratres
604 3828 665 3866 suos
683 3815 712 3867 D
765 3818 888 3882 quereret
905 3831 938 3870 cx
955 3811 1082 3882 querebat
1099 3815 1128 3868 D
1183 3817 1212 3870 11
1232 3814 1302 3868 heri·

163 3915 205 3952 mo
224 3901 253 3954 D
308 3902 340 3956 12
359 3914 410 3968 quo
428 3900 457 3953 in
475 3899 576 3954 mundo
588 3902 670 3970 Acp„
688 3898 867 3968 qddammodo
887 3903 915 3956 D
970 3903 1000 3956 14
1020 3901 1135 3954 siccimis
1153 3901 1261 3954 siccima
1274 3903 1303 3956 D

165 3987 195 4042 15
214 3985 322 4040 dorsum
342 3986 428 4054 magis
446 4001 526 4055 quam
546 3986 641 4040 faeiem
660 3991 764 4056 ponunt
781 3989 810 4042 in
828 3988 923 4042 faciem
942 3987 1006 4042 iusti
1025 3991 1096 4058 Aup.
1151 3991 1221 4042 retro
1240 3995 1302 4043 sunt

163 4100 243 4169 dep,
262 4102 408 4152 retrorsum
427 4099 456 4154 D
521 4101 553 4154 16
572 4099 722 4154 dilectionis
741 4103 770 4155 D
836 4103 866 4156 17
886 4066 1012 4154 onerabit
1030 4100 1060 4155 D
1125 4103 1157 4158 18
1180 4101 1302 4156 ueniente

164 4187 233 4256 dap.
287 4186 389 4240 auctori
407 4187 513 4256 scripsi,
531 4191 666 4240 auctorem
686 4189 722 4256 D,
742 4191 848 4242 auctore
867 4189 938 4258 Aac-p.
992 4187 1083 4256 potius
1101 4189 1132 4243 D
1185 4191 1217 4245 19
1236 4189 1301 4242 mal-

164 4271 270 4328 luemnt
288 4274 317 4327 D
386 4275 420 4328 22
438 4273 581 4328 intothaim
600 4275 629 4328 D
697 4277 732 4329 23
755 4273 1000 4328 uere-deiectione
1023 4276 1053 4330 D
1076 4276 1126 4344 bie,
1148 4277 1195 4332 sed
1208 4279 1302 4346 priore

164 4359 219 4416 loco
242 4359 367 4429 delectillll
440 4359 589 4416 fratricidio
612 4361 656 4430 {llll
679 4362 710 4416 D
736 4363 805 4428 (erat
822 4361 901 4416 hodie
918 4363 950 4417 ia
966 4365 1034 4430 ras.)
1104 4363 1138 4418 24
1161 4362 1202 4417 eui
1221 4364 1301 4434 dap,

164 4461 222 4500 suos
240 4446 270 4501 D
321 4449 355 4502 25
374 4446 595 4516 Iesum—loseph
613 4467 664 4504 oar.
679 4449 727 4516 D¹‚
746 4449 810 4504 add.
823 4467 895 4504 man.
909 4451 956 4504 alt.
970 4451 1000 4504 1η
1018 4469 1103 4520 marg.
1200 4511 1203 4522 ¹
