3264 5134
655 493 752 552 Liber
770 497 798 552 Π
817 500 857 554 12.
1279 496 1321 562 95

183 671 238 736 ubi
261 672 409 736 meritum
437 690 498 737 non
529 673 693 756 praeeedit.
739 671 821 737 bona
848 676 954 737 nostra
976 689 1040 736 non
1060 675 1163 756 potest
1186 692 1320 754 seruare,

183 777 235 858 qui
257 777 359 841 nescit
381 775 551 859 adquirere.
586 777 646 841 nisi
665 776 759 840 fuerit
774 776 985 842 oboedientiae
1001 777 1173 860 praemissa
1188 778 1320 859 deuotio,

182 880 300 964 gratiam
323 880 446 946 uilescit
467 879 591 945 oblatio.
631 881 785 963 simulque
808 881 994 945 uerecundia
1015 881 1245 946 remunerantis
1263 885 1320 962 est,

183 984 210 1048 si
233 984 402 1049 honoretur
424 985 552 1066 otiosae,
576 985 602 1048 si
624 988 840 1049 remuneretur
862 986 1004 1068 ignauus.
1047 986 1122 1068 quin
1144 985 1247 1069 potins
1270 1003 1321 1050 co-

183 1093 331 1171 operante
363 1089 514 1154 adiutorio
545 1091 640 1154 etiam
672 1106 727 1153 suo
757 1107 848 1173 opere
880 1089 934 1154 liat
956 1091 1068 1174 dignus
1091 1093 1215 1154 etcum
1238 1089 1320 1155 bone
1360 1115 1372 1154 e

183 1194 375 1258 conscientia
403 1195 446 1259 sit
472 1193 592 1259 beatus.
639 1211 713 1258 nam
745 1195 803 1258 nisi
831 1194 926 1258 fuerit
951 1193 1116 1258 tribuentis
1139 1195 1223 1259 iusta
1244 1193 1321 1259 libe-

182 1297 300 1378 ralitas,
331 1316 392 1363 non
416 1299 475 1363 erit
496 1299 675 1382 accipientis
698 1299 836 1382 perfecta
857 1299 1000 1380 felicitae,
1024 1303 1057 1364 et
1079 1298 1138 1362 nisi
1160 1299 1246 1382 prins
1270 1318 1321 1363 cx-

182 1402 305 1484 plorata
333 1403 428 1467 fuerit
457 1403 643 1486 inquirentis
674 1403 817 1484 auditas,
848 1403 880 1467 in
908 1421 968 1486 quo
994 1401 1211 1468 iocundebitnr
1232 1401 1320 1467 beni·

182 1505 284 1588 gnitas
307 1507 490 1590 largientis?

227 1609 341 1674 Adhuc
364 1628 436 1675 oum
459 1611 577 1676 iustitia
598 1610 696 1676 uerba
727 1613 861 1676 conserit
883 1611 1091 1696 praescientia
1113 1611 1209 1675 etita
1231 1610 1317 1675 dicit:
1348 1607 1376 1674 ω’

184 1715 294 1779 melius
326 1719 383 1796 est,
415 1720 452 1780 ut
480 1734 542 1781 non
572 1715 627 1780 fiat
655 1719 767 1801 genus
786 1717 969 1804 humanum,
999 1734 1094 1797 quarn
1119 1716 1163 1779 lta
1184 1713 1250 1779 ficri
1273 1716 1320 1779 ui-

183 1818 302 1900 deatur,
332 1823 369 1884 ut
392 1823 509 1903 pereat.
554 1821 722 1903 respondet
750 1819 872 1884 bonitas
903 1823 995 1902 etque
1026 1819 1158 1884 iustitia:
1189 1819 1321 1883 nonita

183 1926 239 1986 est.
300 1927 427 2007 propter
460 1923 536 1989 Cain
570 1925 703 2006 impium
734 1923 815 1988 Abel
849 1924 918 2008 pins
952 1924 985 1988 in
1018 1923 1112 1988 rebus
1146 1941 1207 1988 non
1241 1923 1319 1987 erit?

182 2030 308 2108 propter
338 2027 562 2093 increscentem
586 2028 740 2092 malitiam
763 2029 898 2092 mundns
920 2027 987 2092 Noe
1009 2027 1162 2092 iustitiam
1186 2045 1246 2092 non
1274 2028 1320 2091 ui-

184 2129 290 2195 debit?
336 2135 462 2215 propter
485 2131 596 2196 Iudam
619 2150 681 2196 non
704 2132 889 2198 habebimus
912 2133 1063 2196 Petrum?
1107 2135 1234 2217 propter
1257 2149 1319 2212 eos,
1348 2157 1372 2198 rc

183 2235 235 2316 qni
258 2235 334 2299 uitio
356 2234 535 2301 blandiente
559 2237 703 2301 uincendi
726 2239 810 2318 sunt,
841 2237 873 2300 in
895 2237 992 2300 uitam
1017 2254 1078 2301 non
1102 2238 1237 2318 uenient,
1267 2237 1320 2319 qui

184 2357 237 2420 per
266 2339 398 2423 rigidam
430 2341 725 2425 magnanimitatem
759 2340 885 2406 uirtutis
920 2344 1062 2405 austerae
1095 2341 1176 2406 iusto
1209 2341 1320 2405 iudicio

184 2443 350 2508 coronandi
377 2447 472 2509 sunt?
516 2449 641 2529 propter
671 2445 954 2530 praeuaricatorum
977 2445 1209 2509 multitudinem
1232 2463 1320 2528 prae-

186 2549 400 2614 termittentur
433 2550 466 2614 in
501 2551 633 2614 nihilum
666 2550 819 2615 iustorum
854 2551 991 2631 saecula,
1026 2550 1113 2614 milia
1146 2552 1320 2631 martyrum

185 2670 377 2736 regnumque
408 2657 608 2719 sanctorum?
652 2657 779 2738 propter
810 2671 872 2735 eoo,
902 2672 979 2737 quos
1003 2671 1058 2718 suo
1081 2653 1209 2718 crimine
1230 2670 1320 2735 prae·
1346 2678 1372 2718 eo

186 2758 342 2822 noscimus
362 2763 553 2841 peccaturos,
577 2777 639 2824 non
660 2759 811 2824 faciemus
831 2777 894 2840 eos,
917 2777 995 2842 qnos
1015 2758 1205 2842 praescimus
1227 2757 1319 2822 etiam

186 2879 239 2926 sno
271 2863 382 2927 merito
412 2863 601 2947 placituros?
652 2863 678 2927 si
708 2863 752 2926 ita
782 2865 842 2944 eet,
876 2863 947 2946 plus
977 2861 1135 2927 fraudabit
1163 2861 1319 2945 potentiae

186 2969 307 3032 nostrae
322 2967 523 3051 praecognita
538 2985 632 3050 quarn
648 2971 865 3032 consummata
881 2967 1003 3031 malitia
1018 2967 1150 3046 nocebit,
1166 2965 1319 3048 siquidem

187 3069 274 3136 bonis
297 3072 452 3136 malorum
474 3072 629 3155 praescita
650 3072 810 3156 generatio
833 3071 967 3152 nocebit,
993 3070 1093 3152 bonis,
1120 3070 1173 3152 qni
1194 3073 1320 3153 propter

187 3192 253 3240 eam
276 3177 400 3240 creandi
423 3194 485 3241 non
509 3180 610 3257 erunt,
633 3194 712 3259 qnae
735 3179 839 3241 creata
860 3176 1045 3259 quandoque
1063 3175 1119 3240 soli
1134 3173 1192 3238 sibi
1208 3192 1318 3239 nocere
1345 3201 1370 3240 rs

186 3279 360 3362 potuisset?
405 3281 460 3345 sed
483 3281 566 3346 dicat
587 3280 723 3346 bonitas:
753 3281 798 3345 ita
827 3280 979 3346 faciamus
1009 3280 1182 3344 humanum
1208 3297 1318 3363 genus,

186 3386 220 3446 nt
246 3401 376 3468 peecare
406 3403 468 3450 non
497 3385 605 3468 possit.
651 3385 701 3450 cui
729 3385 896 3468 respondet
919 3403 935 3448 e
959 3387 1065 3448 contra
1094 3385 1319 3466 circumspecta

187 3486 314 3554 iustitie:
346 3489 499 3572 quomodo
525 3489 726 3554 terrestribus
758 3488 911 3569 dabimus,
944 3489 1025 3571 quod
1048 3487 1234 3552 caelestibus
1256 3504 1318 3551 non

187 3591 392 3658 indulsimus?
425 3594 579 3676 quomodo
598 3593 728 3658 habebit
742 3593 894 3678 fragilitas
917 3593 1089 3674 hominum,
1110 3593 1193 3675 quod
1207 3594 1318 3656 natura

189 3713 246 3762 non
269 3697 406 3762 obtinuit
428 3699 631 3782 angelornm?
666 3716 744 3781 quae
767 3716 838 3762 cum
861 3699 904 3763 ita
926 3698 999 3779 sint,
1023 3717 1084 3763 non
1108 3698 1220 3762 audeat
1234 3715 1318 3762 orea-
1343 3721 1370 3762 eo

227 3892 362 3949 Suiliseit
380 3895 407 3949 P
473 3893 623 3998 είιιιιιΙιιιιαιιιξι
638 3895 666 3949 P
736 3897 768 3950 10
786 3895 824 3965 ot]
843 3895 899 3965 ipsa
917 3895 1016 3951 addo
1087 3895 1119 3950 12
1138 3893 1274 3964 respondit
1292 3895 1319 3949 P

190 4003 286 4074 adquae
305 4007 332 4062 P
402 4009 434 4062 13
451 4011 590 4077 propterea
611 4008 639 4062 in
662 4008 690 4063 P
709 4009 836 4076 (commit
857 4025 929 4064 mco.
952 4009 1015 4076 roc.)
1078 4009 1186 4077 propter
1204 4007 1316 4076 impium

189 4089 249 4146 Cain
267 4091 374 4150 Abala
424 4093 453 4148 in
471 4093 560 4164 rebus]
580 4110 674 4156 rausa
727 4097 760 4151 14
783 4099 980 4149 crescentemo
1034 4095 1065 4150 16
1087 4093 1269 4148 blandimento
1291 4095 1319 4148 P

190 4179 218 4234 11
240 4183 342 4234 ιιιιιιιι
365 4181 393 4236 P
443 4180 539 4234 inditio
563 4181 590 4236 P
640 4182 675 4237 20
698 4197 875 4250 regnumquea
898 4181 925 4234 P
975 4181 1007 4236 21
1030 4183 1183 4250 peccaturos
1204 4183 1316 4248 correxi,

190 4271 338 4335 peccaturas
356 4269 390 4338 P,
408 4273 592 4338 peccatoresc
648 4267 791 4322 feciaemus
810 4269 837 4323 P
890 4267 1079 4336 praesciremus
1097 4269 1124 4323 P
1183 4269 1216 4324 23
1239 4267 1315 4320 mali-

189 4353 226 4406 cie
242 4355 269 4410 P
328 4357 552 4425 adproperare
612 4357 646 4410 25
664 4355 758 4423 quino
818 4353 991 4423 quandoquae
1009 4355 1037 4409 P
1091 4358 1124 4410 27
1143 4353 1314 4424 respondete

190 4443 291 4512 seipsi,
310 4441 460 4512 respondite
478 4440 512 4508 P,
531 4439 687 4510 respondent
705 4458 752 4498 ev
802 4442 837 4497 28
855 4455 908 4494 non
925 4459 976 4498 om.
995 4459 1011 4498 o
