3320 5140
646 465 888 536 Prolegomena.
1273 467 1334 523 LXI

243 639 455 706 Sermonem
489 642 628 706 XXVIII
650 641 787 707 exhibet
820 643 932 708 codex
965 643 1163 708 Parisinus
1200 631 1334 709 biblio'-

198 746 331 810 thecae
359 747 562 812 nationalis
589 748 732 812 latinus
761 766 791 811 n.
813 745 898 810 3822
925 747 1181 814 membranaceus
1209 749 1333 814 saec.X

197 851 266 932 (tol.
286 849 347 914 146
370 872 409 913 ex
432 849 529 914 libris
552 849 685 914 Ioannis
711 849 913 938 Repetunt.
939 849 1091 914 Gaetonie
1120 851 1157 915 de
1186 851 1334 916 Noailles

197 953 337 1016 Attalis
361 953 399 1018 de
422 953 489 1018 alto
507 954 621 1041 Fonte)
646 957 697 1022 tol.
716 954 880 1022 esf-90¹¹.
904 957 1005 1022 editus
1027 976 1125 1040 usque
1149 959 1250 1023 adhuc
1272 977 1334 1024 nou

198 1064 278 1142 erat,
301 1078 491 1143 quamquam
515 1062 649 1126 eundem
671 1079 847 1126 sermonem
871 1062 1066 1145 eundemque
1086 1062 1223 1127 codicem
1243 1064 1335 1128 intel·

197 1165 312 1228 lenisse
335 1165 458 1230 uidetur
480 1165 612 1230 Iacobus
635 1164 789 1247 Sirmond,
820 1185 891 1230 cum
921 1166 954 1231 in
981 1168 1129 1250 opusculo
1156 1165 1335 1252 Aupustini

197 1289 357 1332 eernwnee
379 1269 459 1331 noui
480 1289 612 1332 numero
628 1268 695 1347 XL,
719 1270 846 1334 Parisiis
872 1269 965 1352 1631,
989 1272 1027 1336 ad
1051 1289 1226 1336 sermonem
1246 1273 1334 1337 XXV

196 1393 229 1456 p.
247 1371 311 1436 293
333 1373 410 1438 haec
432 1374 606 1438 adnoteuit:
630 1373 772 1437 eiusdem
794 1373 979 1460 arpumenti
1000 1375 1080 1458 (scil.
1098 1375 1134 1440 de
1154 1377 1334 1441 inuentione

198 1498 224 1542 s.
243 1478 406 1562 Stephani)
429 1486 475 1539 eet
497 1476 591 1564 apud
612 1499 669 1540 noe
692 1478 773 1562 (scil.
797 1480 828 1543 in
852 1479 955 1544 codice
979 1480 1134 1544 societatis
1158 1480 1229 1544 Iesu
1247 1481 1335 1544 Pari-

197 1583 327 1666 siensis)
343 1603 443 1644 somno
458 1580 603 1645 nondum
618 1581 724 1646 editus
743 1581 861 1645 Fausti
876 1583 1020 1669 episcopi
1027 1581 1176 1668 fortasse
1188 1583 1334 1646 Reieneie

199 1685 239 1748 cie
263 1685 461 1749 reuelatione
483 1708 507 1749 e.
525 1685 695 1772 Stephani,
721 1687 817 1750 cuiue
841 1686 1011 1750 scordium
1033 1687 1080 1751 sic
1101 1709 1134 1750 ee
1156 1685 1249 1750 habet
1272 1687 1335 1771 (sc-

197 1793 306 1874 quitur
328 1793 489 1856 exordium
512 1792 610 1856 nostri
633 1791 809 1876 sermonis).

244 1895 440 1960 Sermones
474 1895 778 1960 XXVIIII-XXXI
813 1896 939 1960 exhibet
972 1896 1082 1961 codex
1111 1897 1334 1981 Reginensis

198 2021 231 2066 n.
248 1999 312 2062 498
328 2019 407 2066 saec.
425 2000 644 2065 XHl-XIIII
660 1999 1041 2084 t01.71=‚ta=,74¹¹-76¹
1059 2002 1193 2066 auctoris
1210 2003 1334 2066 nomine

198 2107 287 2171 nullo
310 2107 375 2171 loco
399 2107 570 2188 nominato,
594 2107 650 2171 sed
672 2107 829 2172 antecedit
850 2107 902 2170 tol.
921 2105 975 2170 70¹
999 2114 1158 2168 tractatus
1180 2127 1205 2169 e.
1219 2104 1335 2190 faceti

198 2210 239 2273 de
267 2211 448 2274 accensione
476 2209 599 2274 domim
626 2211 716 2294 (inc.:
744 2210 826 2273 scire
850 2208 1005 2286 debemus,
1021 2191 1091 2296 fii,
1111 2191 1157 2295 pii
1176 2208 1334 2272 hodierna

189 2315 397 2402 festiditas),
425 2317 478 2398 qui
507 2320 554 2380 est
581 2315 689 2380 Fausti
717 2334 820 2380 sermo
847 2315 952 2380 XXVI
982 2316 1170 2380 collectionis
1197 2315 1335 2379 Pseudo·

197 2419 406 2502 Eusebianae,
430 2421 542 2504 stipsi
565 2425 628 2485 tres
652 2438 822 2500 sermones,
846 2421 899 2502 qui
913 2421 995 2485 inter
1011 2439 1043 2484 se
1060 2419 1235 2500 cohaerent,
1259 2419 1334 2482 locis

198 2545 237 2590 er
253 2525 313 2589 alio
329 2525 436 2589 Fausti
452 2525 610 2608 opusculo,
632 2523 728 2590 libros
745 2523 782 2588 de
798 2525 908 2608 sphitu
924 2527 1032 2589 sancto
1048 2524 1125 2604 dico,
1142 2523 1333 2606 depromptis

198 2633 334 2710 scatent,
357 2648 452 2712 quare
475 2629 590 2695 Fausto
613 2647 665 2694 sos
689 2629 889 2694 attribuimus
916 2629 970 2712 (cf.
987 2629 1090 2693 studia
1116 2631 1223 2692 nostra
1244 2648 1274 2710 p.
1290 2625 1334 2690 40

198 2739 232 2799 et
264 2733 328 2818 87).
371 2733 547 2800 Suitbertus
570 2733 727 2798 Baeumer
757 2737 861 2798 autem
891 2732 1057 2816 (Katholik
1090 2730 1169 2794 1887
1201 2751 1230 2814 p.
1255 2728 1332 2816 392)

198 2839 381 2905 Caesarium
404 2839 622 2903 Arelatensem
645 2838 757 2902 harum
779 2837 977 2902 homiliarum
1001 2837 1182 2920 scriptorem
1210 2855 1278 2900 esse
1302 2839 1334 2900 et

194 2947 229 3010 in
254 2945 357 3009 codice
380 2943 514 3026 quodem
538 2943 653 3008 saeculi
669 2943 769 3007 dotaui
786 2961 837 3008 eas
853 2945 1052 3026 praenotatas
1069 2961 1151 3006 esse:
1175 2961 1214 3004 ee
1236 2939 1333 3003 dictio

198 3045 320 3110 Fausti
345 3085 386 3093 -
413 3067 513 3109 ecreto
540 3067 564 3109 s.
591 3043 740 3110 Caesarii
766 3047 924 3112 contendit
951 3046 994 3129 (p.
1015 3043 1102 3130 394).
1146 3046 1200 3110 scd
1228 3045 1332 3110 uirum

195 3153 324 3218 doctum
353 3171 454 3217 errore
482 3152 644 3216 inductum
671 3152 730 3216 hoo
757 3152 906 3216 statuisse
934 3151 993 3215 elio
1016 3151 1083 3215 loco
1106 3151 1206 3214 fusius
1230 3151 1348 3234 exple,

196 3258 344 3324 nauhnus
364 3257 507 3340 (thern.
523 3275 629 3341 gymn.
647 3259 742 3321 austr.
762 3253 845 3318 1890
866 3277 896 3339 p.
913 3253 976 3318 298
993 3255 1062 3338 sq.).
1102 3275 1137 3320 er
1153 3255 1256 3320 codice
1272 3255 1333 3319 Re-

193 3362 320 3446 gtnensi
334 3361 454 3444 primus
470 3360 564 3426 edidit
583 3378 741 3425 sermones
757 3359 880 3445 Augelo
892 3358 957 3424 Mai
973 3359 1004 3423 in
1016 3357 1180 3444 Spicilegio
1192 3359 1332 3424 Romano

194 3466 225 3530 V
250 3463 292 3528 85
307 3484 372 3548 sqq.
402 3465 539 3530 codicem
563 3483 582 3529 e
603 3463 687 3528 Maio
711 3465 883 3528 accuratius
907 3483 967 3528 nou
991 3463 1181 3546 descriptum
1203 3463 1333 3527 inuesti-

194 3569 286 3655 gauit
301 3573 332 3634 et
347 3589 453 3634 meum
469 3571 500 3634 in
517 3587 608 3632 usum
624 3569 754 3633 contulit
769 3569 952 3632 lhanciscus
964 3567 1058 3633 Klein
1071 3566 1332 3648 Uindoboneusis‚

194 3675 250 3758 qui
279 3675 374 3740 etiam
398 3694 414 3738 e
437 3673 548 3738 ceteris
579 3673 734 3737 codicibus
758 3673 874 3737 Romae
898 3673 1077 3754 asseruetIs,
1107 3673 1159 3754 qui
1190 3653 1332 3736 homilias

195 3779 383 3844 Faustianos
406 3779 576 3859 continent,
607 3795 685 3860 quae
708 3778 884 3842 necessaria
909 3781 1008 3858 eraut,
1038 3777 1136 3842 amice
1158 3775 1236 3840 mihi
1260 3795 1332 3859 sup·

193 3883 358 3968 peditauit.

243 3987 362 4053 Codex
389 3986 644 4052 bibliothecae
668 3985 873 4051 Uaticanos
896 3985 1094 4050 Palatinus
1117 4003 1147 4050 n.
1164 3982 1229 4048 220
1250 4003 1331 4050 saec.

195 4091 292 4156 vnn
321 4091 374 4156 fol.
399 4089 458 4153 63¹
490 4089 627 4154 exhibet:
659 4087 746 4152 dictu
775 4085 823 4152 offic
842 4087 1012 4173 faustini:
1039 4088 1329 4174 quotienscumque,

186 4195 322 4283 fratrea
346 4193 520 4271 coruunt,
550 4201 734 4256 carentanum
756 4202 938 4278 ntartyrum
960 4191 1114 4256 solemnia
1137 4191 1332 4256 celebramus

196 4305 290 4384 etas,
320 4300 372 4384 qui
403 4317 505 4364 sermo
533 4300 634 4363 edibus
662 4301 710 4362 cst
736 4299 817 4362 inter
840 4298 1009 4382 Augustini
1036 4316 1194 4364 sermones
1223 4299 1331 4362 dubios

197 4405 340 4472 OGXXV
362 4405 437 4470 olim
461 4421 479 4468 a
502 4403 589 4469 nobis
613 4405 644 4468 in
661 4403 771 4467 studiis
788 4403 825 4466 de
841 4402 948 4468 Fausti
965 4403 1089 4488 scriptis
1112 4423 1142 4488 p.
1159 4402 1201 4466 96
1217 4403 1332 4466 Fausto
