3264 5134
655 471 751 525 Liber·
770 473 782 524 1
802 475 877 528 2-3.
1301 472 1338 534 la')

193 646 300 709 omnia
323 645 496 709 iudicemus
520 645 655 730 adiungi.
689 664 761 710 nam
785 647 837 728 qui
862 651 956 729 negat
971 647 1092 730 gratiae
1117 647 1337 734 adsociandum

194 749 306 813 famuli
334 749 448 814 laboris
476 754 637 831 conatum,
669 749 826 814 subtrahit
853 751 973 815 honuni
1001 752 1160 816 seruitutis
1189 751 1335 816 officium.

193 854 299 918 nescio
329 853 383 918 ubi
414 858 469 918 aut
496 855 619 936 quando
647 853 686 918 ab
715 873 806 937 opere
837 855 953 934 feriari,
985 857 1107 937 qnando
1135 856 1197 920 otio
1225 855 1338 920 debeat

192 959 378 1040 derelinqui,
398 959 452 1040 qui
468 959 563 1023 etiam
586 959 618 1022 in
641 959 785 1041 paradiso
809 960 933 1024 iubetur
956 960 1086 1043 operari,
1111 961 1233 1042 inquo,
1257 962 1337 1024 sicut

192 1063 343 1146 legimus,
372 1063 417 1128 ita
443 1067 492 1128 cst
519 1064 723 1144 constitutae,
752 1067 791 1128 ut
818 1066 1037 1147 operaretur·
1065 1067 1100 1127 ct
1128 1064 1337 1128 custodiret
1376 1083 1388 1120 ⁵

193 1167 313 1230 illum.

194 1397 318 1439 CONTRA
342 1397 408 1440 EUM
432 1397 562 1456 SENSW,
586 1399 639 1446 QUI
662 1397 815 1440 ulcunno:
841 1398 920 1440 UNUS
943 1398 986 1440 ΑΙ)
1010 1399 1140 1441 MORTEM
1162 1398 1337 1440 PRAEORDI·

193 1485 305 1544 nanda,
330 1485 434 1526 AlsTBR
454 1485 497 1526 AD
519 1485 618 1526 Urunt(
640 1485 919 1528 Panunnsnrunuus
943 1487 1011 1544 EST,
1034 1487 1134 1528 REBUS
1158 1487 1235 1528 lPSlS
1255 1487 1335 1527 SPEM

586 1572 797 1614 lN'l'ERCLUDlT
818 1573 945 1616 onnam.

238 1687 318 1754 (lum
342 1689 488 1754 dixerint:
513 1693 614 1754 totum
637 1691 757 1774 gratiae
781 1691 830 1754 dei
854 1695 910 1770 est,
934 1691 1003 1773 quis
1027 1709 1088 1755 non
1105 1691 1143 1754 ad
1166 1695 1232 1755 tam
1248 1711 1335 1755 reue·
1364 1711 1388 1749 ιο

192 1793 326 1858 rendum
343 1812 457 1858 nomen
473 1795 558 1858 omni
573 1795 672 1859 cordis
696 1795 863 1859 inclinetur
879 1794 1014 1858 affectu?
1044 1795 1098 1858 sed
1114 1813 1185 1858 cum
1208 1813 1336 1876 respon·

193 1899 345 1962 derimus:
371 1902 471 1962 tntum
494 1899 587 1980 plane
610 1899 729 1981 gratiae
752 1903 810 1979 cst,
834 1899 888 1962 sed
912 1899 1058 1962 omnibus
1082 1917 1151 1962 eam
1176 1899 1266 1962 ollert
1289 1903 1336 1962 at-

192 2021 254 2084 que
276 2004 391 2086 ingerit
407 2003 445 2066 ad
469 2003 604 2066 salntem
625 2003 764 2066 omnium
786 2003 926 2066 conditor
942 2022 978 2067 ac
993 2003 1181 2086 redemptor,
1205 2003 1335 2066 adhaec

193 2106 239 2172 illi
262 2107 356 2191 longe
372 2125 390 2170 a
409 2107 534 2190 pietatis
558 2108 682 2171 tramite
705 2108 885 2172 recedentes
909 2108 1095 2190 respondere
1118 2112 1334 2190 praesument:

193 2229 256 2276 non
280 2230 350 2276 eam
378 2212 516 2276 saluatur
542 2211 687 2276 omnibus
711 2212 806 2292 dedit,
831 2212 903 2294 quia
926 2231 982 2276 uec
1005 2230 1060 2294 pro
1084 2211 1229 2276 omnibus
1253 2229 1335 2275 mor·
1363 2231 1387 2270 n

193 2319 266 2380 tuus
293 2319 350 2380 cst.
384 2335 453 2380 ecce
477 2316 586 2380 stetim
610 2316 641 2379 in
666 2316 809 2380 secundis
837 2320 965 2400 apparet
991 2317 1111 2400 gratiae
1138 2317 1335 2400 inpugnator,

192 2421 295 2502 quiin
311 2420 421 2504 primis
436 2419 605 2504 putabatur
621 2424 765 2484 assertor.
796 2420 933 2484 obiciunt
949 2439 1062 2486 nomen
1077 2421 1206 2504 gratiae,
1229 2423 1265 2484 ut
1281 2420 1335 2484 ab·

192 2525 398 2590 onninandum
416 2543 542 2589 sensum
559 2524 701 2606 operiant
720 2523 943 2608 blasphemiae.
975 2525 1007 2588 iu
1023 2525 1208 2588 alterutram
1228 2524 1334 2605 itaque

190 2633 313 2713 partem
338 2629 478 2694 subsidia
504 2630 651 2694 orationis
679 2629 856 2694 excludunt.
902 2629 975 2711 quid
1003 2629 1087 2693 enirn
1115 2629 1198 2692 ultra
1220 2631 1333 2711 speret,

191 2753 287 2817 quem
311 2735 374 2798 iarn
397 2734 498 2818 gretia
520 2752 613 2797 sunm
629 2735 723 2798 lecit?
754 2735 785 2798 in
809 2753 869 2816 quo
886 2734 1072 2798 econtrario
1095 2751 1156 2798 non
1180 2733 1332 2816 desperet,
1360 2755 1386 2793 sc

190 2858 288 2921 quem
321 2839 495 2920 praefinitio
525 2839 663 2902 uiolenta
693 2839 878 2903 damnauit?
928 2839 960 2902 in
990 2839 1048 2903 hoc
1079 2839 1183 2920 eulpa,
1219 2838 1250 2902 in
1280 2839 1333 2901 illo

190 2945 296 3027 gratia
317 2944 421 3007 locum
444 2961 506 3007 non
529 2941 632 3006 habet.
668 2942 895 3024 periclitabitur
918 2943 950 3006 in
973 2945 1103 3024 utroque
1127 2943 1254 3006 iustitia.
1285 2962 1334 3006 re-

192 3045 411 3114 munerabitur
433 3047 500 3111 sinc
523 3045 595 3110 fidei
610 3047 719 3111 merito
740 3047 935 3128 adsumptus,
958 3045 1158 3110 damnabitur
1181 3047 1247 3110 sine
1263 3065 1333 3128 prc-

191 3151 260 3233 prio
277 3151 406 3215 crimine
423 3151 600 3214 derelictus.
635 3151 720 3214 salus
737 3151 809 3214 illuc
829 3151 999 3234 ingerenda
1014 3155 1062 3214 cst
1085 3168 1146 3214 nou
1162 3152 1332 3232 quaerenti,

192 3255 267 3320 hine
290 3255 460 3320 aulercuda
483 3253 646 3319 laboranti.
1358 3275 1383 3312 aa

238 3359 297 3426 Sed
325 3360 414 3424 dicis:
444 3360 512 3424 ideo
539 3377 626 3424 orare
654 3359 760 3441 debet,
788 3361 861 3442 quia
888 3379 923 3423 er
951 3379 1012 3442 que
1037 3363 1127 3443 parte
1155 3360 1196 3424 sit
1223 3361 1330 3424 nescit.

191 3465 263 3547 quis
291 3483 353 3528 uon
383 3468 473 3548 putet
499 3463 722 3529 rationabiliter
754 3483 790 3528 ac
818 3465 975 3546 sapienter
1005 3465 1100 3528 luisse
1127 3467 1331 3546 responsum?

191 3569 249 3632 scd
272 3569 345 3651 quid
367 3587 454 3634 orere
483 3569 601 3633 homini
627 3569 764 3652 proderit
790 3571 822 3632 in
846 3587 909 3632 una
935 3569 1046 3632 harum
1070 3569 1201 3632 duarum
1228 3569 1332 3632 condi-

191 3674 278 3736 tione
301 3673 487 3738 omnimodis
510 3673 699 3736 constituto?
731 3691 805 3736 narn
828 3674 887 3736 etsi
915 3673 953 3736 ad
977 3691 1071 3754 quam
1094 3677 1216 3754 partem
1241 3672 1333 3736 fuerit

298 3888 327 3957 5]
346 3888 412 3944 Gen.
432 3891 456 3954 2,
469 3893 493 3944 5.

236 4075 253 4128 2
273 4071 398 4126 famulari
416 4074 459 4128 ael
478 4073 600 4126 famulati
619 4090 635 4128 o
688 4074 703 4128 7
722 4090 805 4142 aequae
816 4073 861 4128 laic
873 4089 955 4142 neque
967 4074 997 4127 in
1010 4073 1192 4142 capitulorum
1204 4073 1294 4128 indice
1306 4073 1333 4126 P

189 4161 280 4215 ullum
301 4161 408 4214 numeri
429 4161 495 4216 ucat
518 4161 634 4229 capituli
656 4161 800 4230 ucelipiam
819 4177 888 4229 prae
910 4177 938 4215 sc
959 4161 1013 4230 sert
1083 4159 1283 4228 813distlnatus
1306 4161 1333 4214 P

194 4249 227 4302 12
244 4245 339 4316 planae
358 4247 385 4300 P
452 4263 510 4302 earu
532 4248 630 4316 scripsi
653 4247 711 4302 coll.
736 4249 784 4301 lie.
804 4253 845 4314 15,
869 4263 900 4298 ea
918 4247 945 4301 P
997 4245 1081 4314 adque
1104 4247 1132 4301 P
1202 4249 1234 4300 14
1256 4262 1331 4314 prae·

190 4335 337 4388 sumuntc
391 4335 423 4388 19
440 4333 568 4386 orationis
586 4350 619 4387 ec
636 4331 800 4387 orationibus
819 4335 846 4388 P
902 4336 935 4388 20
954 4331 1069 4402 disparet
1088 4334 1114 4386 P
1170 4335 1202 4387 22
1222 4331 1330 4400 perecli-

190 4419 335 4474 tabiturP
392 4421 425 4474 24
443 4419 481 4474 illl
501 4439 515 4474 c
574 4423 607 4474 25
624 4419 686 4472 hinc
704 4423 810 4490 ecl-ipsi,
828 4419 889 4474 huic
909 4421 934 4473 P
991 4423 1024 4475 29
1042 4418 1209 4473 omnimodus
1229 4419 1268 4472 P¹
