3264 5134
660 489 757 544 Liber
775 490 788 542 Ι
809 492 883 545 1-2.
1300 489 1337 552 13

245 667 305 733 Sed
332 667 406 730 dicit
432 666 579 750 Pelagius
606 666 674 730 ideo
702 684 763 730 non
792 685 859 730 esse
886 665 1034 748 originale
1061 669 1238 747 peccatum,
1267 665 1340 746 quia

201 773 269 855 ipsa
284 771 535 853 eoncupiscentia
556 771 765 854 generationis
790 790 825 832 en
850 770 906 834 deo
929 771 977 833 sit.
1013 770 1095 832 unde
1113 773 1218 833 autem
1235 770 1340 832 ueniat

200 895 298 939 nexus
322 877 392 956 iste,
415 877 468 958 qui
491 879 631 959 posteros
655 875 761 955 trahit,
786 875 812 938 si
828 876 984 956 requiras:
1009 875 1075 938 sine
1099 873 1192 938 dubio
1215 893 1270 956 per
1292 874 1340 937 in-

201 981 361 1044 centiuum
386 980 568 1044 maledictae
588 979 796 1063 generationis
817 980 957 1043 ardorem
981 982 1012 1042 et
1034 998 1089 1062 per
1111 977 1338 1042 inlecebrosum

202 1085 365 1166 utriusque
393 1085 531 1167 parentis
560 1085 748 1167 amplexum.
794 1102 867 1147 nam
895 1102 968 1146 cum
995 1083 1084 1146 illurn
1107 1083 1208 1147 solum
1232 1083 1339 1146 uideas
1379 1099 1392 1136 ⁵

201 1189 240 1252 ab
264 1189 408 1272 originali
430 1189 592 1252 inmunem
615 1207 683 1252 esse
707 1189 901 1271 contagione,
925 1187 978 1268 qui
1001 1205 1063 1251 non
1081 1205 1183 1267 carne,
1207 1188 1261 1251 sed
1277 1188 1340 1271 spi-

201 1297 272 1378 ritu,
297 1315 355 1360 nec
371 1296 583 1360 erubescenda
605 1295 760 1379 passione,
785 1295 839 1358 sed
860 1293 1014 1377 stupenda
1036 1293 1251 1358 benedictione
1267 1309 1340 1356 con-

201 1404 310 1484 ceptus
339 1405 402 1480 est,
435 1419 567 1484 agnosce
596 1418 724 1464 causam
754 1399 829 1463 mali
857 1399 1016 1482 originalis
1048 1399 1085 1462 de
1112 1398 1339 1463 oblectamento

200 1509 311 1569 natum
343 1505 553 1587 conceptionis
588 1508 619 1568 et
650 1505 687 1567 de
718 1505 794 1567 uitio
826 1503 1005 1586 uoluptatis
1051 1506 1214 1586 propterea
1244 1503 1338 1566 etlam

200 1610 304 1673 Adam
328 1615 359 1674 et
374 1609 474 1672 Euam
497 1609 529 1672 in
545 1609 664 1692 origine
681 1627 738 1672 sua
752 1607 900 1673 obnoxios
924 1608 1056 1672 conditio
1073 1607 1134 1670 ista
1149 1625 1210 1672 non
1228 1609 1338 1686 tenuit,
1369 1621 1392 1658 ¹⁰

201 1714 275 1795 quia
287 1733 305 1776 a
317 1713 449 1777 duorum
466 1712 639 1776 ministerio
652 1730 758 1776 eorum
775 1730 898 1794 quoque
914 1717 999 1776 ortus
1016 1712 1136 1776 alienus
1152 1711 1339 1775 inlecebram

200 1819 232 1880 in
261 1817 308 1881 sui
332 1817 497 1881 natiuitate
525 1821 556 1881 et
578 1817 734 1881 creatione
762 1817 904 1880 nesciuit.
951 1816 1005 1879 sed
1032 1816 1162 1880 forsitan
1189 1815 1339 1896 requiras,

199 1939 296 2002 quare
313 1921 345 1984 in
361 1925 512 2004 conceptu
534 1921 574 1984 sit
594 1922 731 2005 positum
748 1921 898 2004 originale
914 1920 1072 1984 delictum.
1101 1920 1226 1983 initium
1242 1920 1339 1983 totius

200 2026 308 2088 ruinae
331 2025 559 2089 inoboedientia
578 2025 647 2088 fuit.
689 2026 825 2107 primum
846 2025 930 2088 eninr
955 2026 1108 2089 exaltatus
1124 2026 1217 2090 homo
1232 2029 1341 2106 postea

200 2129 383 2193 humiliatus
407 2133 455 2193 est
477 2133 509 2193 et
531 2130 687 2196 confusus.
739 2135 770 2194 et
792 2131 874 2212 quia,
899 2147 978 2194 oum
1001 2129 1201 2194 inhonore
1225 2134 1339 2210 esset,
1368 2149 1392 2188 ru

200 2251 270 2298 non
292 2234 498 2314 intellexit,
521 2233 588 2298 ideo
604 2237 829 2316 conparatus
851 2237 907 2298 est
926 2234 1105 2298 iumentis
1126 2234 1339 2317 insipienti-

199 2337 268 2401 bus
293 2343 329 2402 et
350 2337 488 2402 similis
512 2338 634 2401 faetus
659 2343 714 2401 est
736 2338 825 2401 illis.
853 2338 1002 2420 quamdiu
1018 2356 1090 2422 ergo
1107 2339 1189 2402 circa
1204 2338 1339 2402 auctoris

199 2442 385 2523 obsequium
408 2441 568 2505 humilitas
592 2442 802 2506 reuerentiam
825 2442 936 2522 tenuit,
961 2443 1133 2507 nuditatem
1150 2443 1340 2507 conscientia

200 2547 392 2610 inmaculata
418 2563 480 2609 non
508 2545 623 2624 sensit,
654 2563 725 2608 curn
753 2564 827 2609 uero
856 2547 908 2609 illo
936 2547 1053 2626 animo,
1081 2551 1117 2610 nt
1143 2547 1218 2610 deus
1247 2551 1339 2626 esset,

199 2655 330 2732 gustum
353 2648 413 2713 cibi
436 2649 538 2712 letalis
562 2649 692 2732 adpetiit
715 2653 747 2713 et
768 2650 978 2714 damnandam
1002 2650 1200 2732 cupiditatem
1224 2651 1255 2714 in
1272 2669 1338 2713 am·
1366 2673 1392 2710 ευ

200 2755 303 2817 bitum
320 2754 494 2818 maiestatis
518 2753 665 2834 extendit,
690 2755 842 2818 inmemor
864 2755 942 2838 legis
966 2759 996 2818 et
1019 2756 1237 2820 mandatorum
1260 2757 1337 2838 legis

198 2859 326 2924 rebellis
355 2859 506 2923 multatur
534 2859 758 2942 inpugnatione
786 2859 998 2923 membrorum
1031 2863 1071 2940 et,
1100 2860 1175 2923 dum
1203 2861 1338 2942 aequali-

202 2967 300 3027 tatem
324 2963 442 3026 domini
471 2963 518 3027 sui
541 2965 721 3046 praesumit,
750 2964 884 3046 corporis
908 2963 955 3026 sui
985 2964 1118 3045 perdidit
1139 2969 1336 3047 potestatem.

201 3067 240 3130 de
257 3066 403 3150 superbia
425 3071 499 3131 nata
522 3071 570 3130 est
585 3067 816 3131 incontinentia.
856 3086 930 3130 nam
952 3067 1026 3149 quid
1049 3068 1080 3131 in
1097 3085 1132 3132 eo
1155 3087 1337 3151 percussum

202 3177 286 3235 esset
311 3171 456 3250 ostendit,
487 3171 610 3252 quando
640 3171 816 3235 uerecunda
846 3172 989 3235 conterit.
1036 3173 1204 3254 praecessit
1236 3175 1337 3254 elatio,
1365 3193 1390 3233 aa

200 3279 311 3340 secuta
333 3275 472 3339 confusio
495 3279 551 3339 est.
591 3275 763 3340 diuinitatis
787 3275 970 3340 ambitiosus
993 3276 1129 3340 libidinis
1153 3278 1255 3360 coepit
1270 3297 1338 3342 esse

199 3381 355 3462 captiuus

246 3483 304 3549 Sed
328 3485 459 3549 forsitan
482 3485 580 3549 dicas:
608 3485 683 3549 dum
706 3486 783 3550 haec
805 3486 941 3566 disseris
966 3485 1091 3568 nuptias
1115 3485 1262 3550 damnare
1286 3486 1338 3549 de-

199 3589 412 3672 prehenderis.
452 3607 513 3653 non
542 3590 586 3653 ita
613 3593 668 3654 est.
708 3590 858 3654 ordinatio
886 3589 1033 3672 nuptialis
1062 3609 1097 3654 ex
1124 3589 1337 3654 benedictione

308 3760 351 3829 15]
371 3760 469 3814 Psalm.
488 3763 529 3824 48,
545 3764 583 3816 13.

246 3919 262 3972 2
281 3917 351 3970 unde
369 3935 401 3972 ea
419 3921 450 3970 nt
468 3917 499 3970 de
519 3918 545 3971 P
614 3919 630 3974 3
648 3917 732 3972 trahit
747 3919 853 3988 sampsi,
873 3917 989 3971 trahitur
1006 3919 1038 3985 P,
1062 3919 1134 3987 quod
1151 3925 1182 3972 iet
1199 3927 1337 3974 seruarent

199 4003 315 4059 editores
333 4021 381 4073 per
398 4011 460 4058 onte
484 4007 602 4073 posteros
630 4007 799 4060 inseruerunt
881 4012 945 4074 poet
972 4005 1089 4072 requiras
1116 4006 1338 4076 interrogationis

198 4093 309 4160 siparum
331 4091 366 4146 ab
389 4091 462 4146 editt.
488 4097 628 4146 morotum
656 4092 750 4158 deleat,
777 4093 811 4160 cf.
837 4109 900 4162 pap.
923 4097 948 4160 7,
968 4095 1004 4146 29
1070 4095 1085 4146 7
1113 4091 1287 4146 crubisceuda
1314 4095 1340 4147 P

199 4186 346 4234 smuosee
366 4179 393 4232 P
444 4181 544 4234 taam
563 4181 652 4232 natam
670 4179 862 4236 scribendum?
922 4181 954 4234 12
973 4177 1095 4232 forsitam
1114 4181 1142 4233 P
1198 4181 1231 4234 22
1250 4183 1337 4233 muta-

199 4273 246 4318 tur
269 4265 308 4318 ΡΙ
381 4263 570 4334 inpugnatione
597 4266 714 4330 corrui,
741 4265 769 4318 in
796 4265 958 4334 pugnatione
983 4267 1016 4334 P,
1043 4265 1071 4319 in
1098 4265 1299 4335 impugnatione
1322 4285 1338 4320 v

198 4353 235 4407 24
253 4351 389 4421 superbia]
408 4367 520 4420 namque
538 4351 635 4406 oddo
698 4355 731 4408 28
754 4350 876 4406 forsitam
895 4353 922 4406 P
985 4353 1113 4408 asserise
1177 4353 1337 4422 depraehen-

199 4437 272 4492 deris
293 4439 318 4493 P
