3244 5130
657 477 753 532 Liber
772 478 800 530 II
819 481 842 531 7.
1256 479 1316 542 149

180 655 235 734 per
258 671 292 718 os
316 657 495 718 sanctorum
512 673 650 734 suorum,
675 655 742 718 ideo
758 661 937 719 sanctorum
953 674 1091 734 suorum,
1115 657 1187 736 quia
1203 659 1317 720 sancti·

181 755 282 822 ficatio
297 759 420 840 proprie
441 759 479 822 ad
504 759 646 842 spiritum
668 765 811 824 sanctum
833 761 974 843 pertinet.
1009 761 1142 843 legimus
1162 761 1192 824 in
1210 761 1315 824 Esaia:

181 879 300 925 nonne
327 862 471 926 caelum
503 867 538 926 et
567 868 703 927 terram
736 883 802 947 ego
833 865 983 947 impleo,
1014 864 1104 928 dicit
1126 865 1315 928 dominus?

180 965 249 1047 quis
277 969 326 1029 est
348 965 407 1030 iste
434 966 588 1048 dominus,
618 969 671 1049 qui
694 987 749 1050 per
772 969 898 1032 Esaiam
921 969 1042 1032 caelum
1065 971 1097 1032 et
1119 972 1234 1032 terram
1258 970 1316 1032 im-

179 1069 264 1150 plere
288 1088 322 1133 se
346 1069 428 1150 dicit,
452 1071 512 1134 nisi
536 1073 661 1154 spiritus
685 1077 822 1152 sanctus,
850 1073 902 1154 qui
925 1073 1028 1154 ipsum
1051 1073 1175 1136 Esaiam
1200 1073 1315 1136 uirtute
1355 1101 1367 1138 ⁵

179 1173 359 1257 prophetica
390 1179 421 1238 et
455 1175 567 1258 spiritu
597 1177 738 1240 ueritatis
769 1177 905 1241 infudit?
951 1177 1030 1240 sieut
1059 1195 1131 1260 ergo
1161 1196 1216 1259 per
1245 1195 1315 1259 pro-

178 1278 337 1360 pheticam
368 1279 641 1362 dispensationem,
671 1282 716 1344 ita
745 1281 840 1346 etiam
868 1281 1022 1346 secundae
1044 1282 1178 1365 gratiam
1201 1281 1315 1345 natiui-

179 1383 252 1447 tatis
284 1383 406 1466 spiritui
436 1387 544 1449 sancto
574 1385 625 1449 uel
655 1385 789 1449 maxime
819 1387 964 1450 uoluntas
992 1385 1140 1449 trinitatis
1164 1386 1314 1468 assignat,

179 1487 258 1552 sicut
281 1487 356 1552 dicit
371 1488 401 1552 in
418 1487 571 1553 Iohanne:
595 1490 689 1571 quod
712 1493 839 1553 uatum
863 1494 920 1554 est
942 1509 982 1552 er
1005 1507 1129 1568 carne,
1153 1507 1236 1552 caro
1260 1493 1316 1553 est

178 1595 228 1670 et,
251 1592 348 1672 quod
368 1595 496 1656 uatum
518 1597 575 1657 est
595 1612 635 1656 er
656 1594 807 1676 spiritu,
831 1595 987 1676 spiritus
1011 1597 1075 1656 est.
1112 1593 1224 1672 etalio
1247 1593 1313 1658 loco
1342 1619 1367 1658 ιο

178 1699 317 1779 potestas
347 1697 518 1762 renouandi
544 1697 680 1762 hominis
703 1717 798 1780 penes
822 1698 966 1780 spiritum
990 1701 1132 1760 sanctum
1155 1716 1223 1760 esse
1244 1717 1314 1779 per-

178 1799 337 1864 scribitur:
369 1819 433 1865 uos
465 1804 588 1865 autem
619 1801 907 1884 baptizabimini
935 1801 1069 1884 spiritu
1093 1807 1221 1865 sancto
1243 1820 1314 1866 non

177 1907 261 1988 post
291 1905 428 1970 multos
458 1905 524 1969 hos
554 1905 647 1986 dies,
676 1909 716 1987 et,
744 1906 824 1970 sicut
846 1906 987 1988 superius
1011 1905 1128 1969 dictum
1153 1909 1213 1969 est:
1240 1906 1313 1968 nisi

178 2007 259 2090 quis
290 2011 443 2073 renatus
475 2009 590 2074 luerit
620 2028 660 2074 ex
690 2027 785 2092 aqua
815 2013 851 2074 et
876 2010 1013 2092 spiritu
1036 2013 1180 2090 sancto,
1214 2013 1245 2072 et
1274 2009 1313 2072 ad

177 2111 297 2176 Titum:
329 2113 470 2194 saluos,
500 2113 611 2196 inquit,
642 2132 707 2178 uos
737 2115 828 2178 lecit
857 2133 921 2198 per
947 2113 1138 2178 lauacrum
1162 2133 1313 2197 regene-
1341 2140 1364 2178 rs

176 2217 334 2281 rationis
358 2221 394 2281 et
415 2218 674 2282 renouationis
702 2219 858 2301 spiritus
882 2219 1010 2282 sancti.
1046 2218 1220 2299 uideamus,
1243 2218 1313 2299 quis

177 2325 225 2384 est
254 2321 325 2401 iste,
356 2321 444 2385 cuius
475 2320 530 2384 lilii
559 2340 615 2405 per
644 2323 780 2405 gratiam
810 2322 984 2406 adoptionis
1015 2321 1181 2386 efficimur:
1212 2323 1313 2388 dedit

176 2427 244 2504 eia,
273 2425 385 2508 inquit,
415 2429 643 2508 potestatem
674 2426 775 2490 lilios
806 2426 863 2490 dei
894 2426 993 2506 lieri,
1028 2431 1059 2490 et
1088 2427 1217 2491 iterum:
1251 2427 1313 2508 qui

177 2548 246 2593 nou
271 2549 312 2593 ex
335 2529 585 2614 sanguinibus
608 2549 726 2612 neque
750 2549 790 2594 ex
814 2531 1008 2596 uoluntate
1031 2532 1169 2611 caruis,
1193 2531 1255 2594 sed
1272 2549 1311 2594 er

176 2633 242 2697 deo
265 2633 344 2698 nati
367 2638 462 2698 sunt.
1339 2659 1364 2698 a

219 2737 316 2803 Uides
340 2739 545 2820 apertissime,
575 2739 658 2822 quod
680 2740 739 2803 iste
763 2739 889 2821 spiritus
920 2743 1056 2820 sanctus,
1086 2740 1117 2802 iu
1140 2757 1200 2821 quo
1222 2757 1312 2803 rena-

177 2841 302 2921 scimur,
326 2841 476 2922 deusest,
500 2843 587 2906 cuius
603 2843 791 2926 paternitate
807 2844 968 2908 donamur.
1004 2844 1070 2927 ipse
1090 2843 1148 2908 hoc
1171 2844 1230 2908 alio
1245 2844 1312 2907 loco

177 2945 245 3010 lnce
276 2945 388 3010 clarius
415 2946 569 3030 assignat:
601 2964 676 3028 ero,
707 2947 818 3028 inquit,
849 2947 902 3011 eis
933 2948 969 3011 in
999 2951 1142 3030 patrem
1174 2951 1210 3012 ct
1239 2948 1311 3030 ipsi

178 3053 287 3114 erunt
302 3049 392 3114 mihi
408 3049 443 3114 iu
460 3049 562 3114 lilios
578 3054 614 3114 et
629 3050 746 3131 filias,
768 3051 862 3115 dicit
877 3051 1046 3116 dominus
1062 3053 1311 3135 omnipotens,

178 3153 288 3218 merito
318 3155 525 3236 omnipotens,
556 3155 608 3236 qui
638 3156 757 3237 peccati
780 3155 1022 3238 chirographum
1046 3156 1138 3236 delet,
1169 3155 1220 3238 qui
1242 3155 1312 3219 uin·
1337 3182 1363 3220 as

177 3257 245 3322 cula
276 3257 535 3322 conscientiarum
559 3259 676 3322 relaxat
698 3263 729 3322 et
750 3259 910 3322 hominem
934 3260 964 3322 in
989 3279 1022 3323 sc
1045 3260 1222 3323 credentem
1246 3277 1312 3323 cor-

178 3367 286 3446 ruptae
317 3365 447 3426 naturae
477 3363 624 3426 foeditate
655 3364 799 3447 dispoliat
830 3367 861 3428 et
890 3363 1072 3428 indumento
1107 3365 1312 3444 innocentiae,

179 3465 286 3530 decore
317 3467 463 3546 iustitiae,
495 3467 574 3530 stola
605 3468 836 3532 inmortalitatis
868 3473 995 3532 exornat
1025 3473 1055 3531 et
1082 3467 1161 3533 filios
1185 3487 1256 3532 suos
1280 3469 1311 3532 iu

179 3571 355 3656 angelicum
387 3575 505 3634 statum
535 3571 1007 3654 piapaternitatetranscribit.
1053 3591 1144 3636 nenio
1168 3573 1312 3655 spiritum

279 3718 308 3788 3]
327 3717 420 3773 larem.
431 3721 523 3782 21124.
578 3717 606 3787 9]
625 3717 717 3772 Ioauu.
728 3723 752 3782 3,
763 3721 786 3772 6.
842 3719 885 3786 12]
907 3717 964 3771 Act.
978 3722 1034 3782 1,5.
1089 3719 1132 3787 13]
1151 3717 1276 3782 loann3,
1287 3722 1309 3773 5.

179 3805 221 3874 15]
240 3805 293 3859 Tit.
307 3807 331 3868 3,
345 3809 367 3860 5.
433 3805 476 3874 17]
496 3805 678 3868 loann.l,l·2.
747 3805 792 3873 18]
810 3803 901 3859 Icanu.
918 3808 940 3871 1,
957 3807 995 3860 13.
1061 3804 1255 3873 astatore,
1271 3807 1309 3862 18.

262 3893 268 3925 l

218 3938 235 3992 2
257 3935 328 3990 esaia
346 3935 381 4003 R,
398 3935 464 3988 isaia
480 3936 513 4004 P,
533 3935 685 4014 larentiam
701 3937 858 4004 scriptorem
874 3937 965 4004 ipsam
982 3937 1110 3990 meritoria
1126 3935 1253 4003 fefellisse
1269 3936 1311 3988 ui-

176 4049 253 4104 detur
314 4051 397 4116 Sego
415 4048 506 4104 omli
566 4015 699 4150 lesaipm
717 4047 752 4114 R,
774 4047 867 4100 isaiam
885 4048 919 4116 P,
937 4047 1111 4101 Ieremiamo
1171 4051 1198 4100 et
1216 4065 1266 4102 oon
1286 4047 1313 4101 P

176 4161 266 4230 5qui]
285 4177 304 4232 p
322 4161 385 4215 add.
405 4161 439 4229 P,
456 4165 481 4212 ct
500 4161 563 4214 add.
583 4179 599 4216 e
655 4160 752 4212 esaiam
770 4159 805 4226 R,
824 4159 916 4212 isaiam
936 4159 968 4222 P,
987 4157 1160 4214 Ieremiamv
1217 4161 1311 4227 6pro·

177 4247 318 4317 phetimR
370 4249 420 4302 aio
473 4246 695 4317 propheticumR
750 4250 780 4300 lll
800 4247 902 4300 irrorate
914 4245 1040 4300 alioadel.
1055 4247 1082 4300 P
1135 4249 1165 4300 15
1184 4247 1312 4314 tytumR

177 4333 241 4406 iecit
264 4335 291 4390 11
354 4333 508 4388 larrachruru
532 4334 585 4388 PR
651 4337 682 4390 lit
701 4333 792 4400 inquid
812 4333 839 4388 R
902 4335 935 4390 24
956 4333 1081 4390 rulcbiR
1144 4333 1311 4400 251110111-

176 4421 258 4492 phum
277 4421 329 4480 Pu
385 4425 419 4480 211
438 4419 578 4478 conscribit
598 4422 625 4477 Ρ
