3222 5144
628 468 693 522 1111.
713 468 822 522 Sermo
841 471 864 523 7.
1256 465 1316 532 251

177 645 304 710 fluentis
327 643 450 710 leuibus
472 645 573 710 uirtus
596 644 770 710 infunditur
786 647 817 708 et
840 661 991 726 aquarum
1012 646 1125 708 natura
1147 643 1320 708 inebrietur

178 767 216 814 ac
245 749 290 814 sic
320 767 401 815 nouo
432 767 518 814 more
549 749 697 814 creatoris
727 749 776 813 eui
806 749 978 832 potentiam
1009 747 1206 814 confitentur.
1250 749 1320 830 quis

177 858 283 938 potest
304 855 367 920 ista
388 857 570 919 conuertere
593 854 655 920 nisi
677 855 730 936 qui
752 853 854 938 potuit
876 857 908 918 et
930 855 1055 918 creare?

222 959 435 1024 Deficiente
451 976 524 1043 ergo
540 959 613 1024 uino
630 958 722 1023 dicit
736 958 780 1022 ad
795 957 918 1022 Iesum
935 961 1052 1022 mater
1076 958 1170 1022 eius:
1194 957 1320 1022 uinum

178 1080 250 1128 non
272 1061 422 1128 habent.
467 1063 568 1147 primo
588 1063 655 1128 loco
678 1063 885 1145 requiramus,
908 1061 989 1144 quod
1012 1061 1073 1126 fuit
1094 1061 1215 1142 uiuum,
1238 1061 1320 1142 quod
1358 1089 1371 1128 e

178 1167 330 1233 deiecisse
360 1167 483 1247 dicitur,
514 1171 545 1232 et
575 1167 649 1249 qnid
678 1167 720 1232 sit
750 1167 833 1232 aliud
863 1168 988 1248 uinum,
1022 1166 1104 1248 quod
1135 1165 1320 1232 mirabiliter

177 1275 390 1356 praeparatur,
413 1273 495 1354 quod
518 1271 746 1336 architriclinus
770 1271 881 1336 melius
905 1289 974 1336 esse
996 1271 1177 1353 pronuntiat
1198 1270 1319 1336 dicens:

178 1376 297 1442 omnis
324 1376 431 1440 horno
458 1378 618 1458 priunum
645 1375 780 1440 bonum
802 1375 929 1440 uinum
955 1375 1062 1459 ponit
1089 1379 1138 1455 st,
1166 1393 1246 1440 cunr
1269 1376 1320 1440 in-

177 1479 316 1546 ebriati
335 1481 491 1562 fuerint,
511 1482 557 1562 id,
580 1481 676 1563 quod
697 1481 864 1546 deterius
885 1484 951 1545 aet.
990 1483 1028 1544 tn
1048 1497 1136 1546 uero
1156 1479 1319 1544 seruasti

179 1585 316 1651 bonurn
339 1585 466 1650 uinum
493 1604 612 1668 usque
635 1603 741 1650 nunc.
787 1585 896 1650 uiuum
919 1584 1028 1650 multis
1051 1585 1127 1649 locis
1150 1584 1318 1666 accipimus
1347 1611 1372 1652 ιο

176 1690 284 1755 diuina
304 1693 472 1773 praecepta
500 1693 532 1755 et
554 1690 725 1772 scripturas
748 1691 873 1754 sanctes
901 1689 1153 1754 meracissimum
1180 1689 1322 1772 uigorem

178 1794 324 1860 caelestis
347 1794 519 1878 sapientiae
542 1794 749 1875 continentes,
772 1793 884 1876 qrribus
908 1793 947 1858 sd
970 1811 1110 1858 amorem
1133 1793 1250 1858 domiui
1272 1793 1320 1858 in·

178 1899 337 1964 calescant
360 1917 472 1964 sensus
496 1903 529 1964 et
549 1899 745 1964 inebrientur
767 1897 909 1978 aflectus,
933 1898 1105 1963 secundum
1128 1898 1215 1978 illud,
1240 1897 1320 1980 qued

178 2003 216 2068 de
240 2002 395 2086 sapientia
417 2004 535 2068 dictum
559 2008 620 2069 est:
666 2004 816 2088 parauit
837 2021 1002 2068 mensam
1026 2021 1144 2084 suam,
1168 2002 1321 2068 miscuit

179 2109 307 2174 ninum
345 2126 451 2172 suum
489 2109 525 2172 in
562 2112 717 2174 cratere.
772 2109 995 2192 scripturarum
1033 2126 1106 2192 ergo
1144 2107 1319 2172 diuinarum
1346 2132 1372 2172 ra

178 2214 290 2292 uirtus,
321 2213 348 2278 si
376 2213 499 2295 qnando
530 2213 661 2282 alicuius
691 2213 838 2278 interiore
867 2213 1044 2295 repleuerit‚
1075 2213 1177 2277 dicere
1206 2213 1322 2297 poterit

179 2336 251 2382 curn
274 2315 446 2400 prophete:
477 2318 619 2400 potasti
650 2334 715 2382 nos
742 2319 828 2382 uino
855 2317 1159 2400 conpunctionis,
1189 2320 1234 2382 et:
1262 2335 1321 2400 po·

177 2421 303 2486 culum
335 2425 438 2486 tuum
461 2419 653 2486 inebrians
676 2441 783 2505 quarn
806 2423 1040 2505 praeclarum
1064 2425 1127 2486 est.
1173 2425 1321 2506 operante

177 2543 252 2610 ergo
277 2524 399 2591 Christo
422 2527 453 2590 in
478 2525 564 2590 (iana
586 2525 744 2591 Galilaeae
772 2527 883 2591 uinum
906 2525 1019 2590 defecit
1043 2529 1074 2590 et
1101 2525 1210 2590 uinum
1237 2526 1320 2607 fecit,

178 2631 208 2694 id
236 2633 286 2694 eet
313 2630 426 2695 umbra
454 2636 633 2695 remouetnr
660 2634 692 2696 et
718 2631 833 2695 ueritas
860 2634 1089 2713 praesentatur,
1118 2631 1166 2695 lex
1193 2631 1320 2711 recedit,
1347 2653 1373 2693 ro

179 2735 278 2818 gratia
305 2735 459 2814 succedit,
488 2736 624 2800 carnalia
651 2727 844 2818 spiritalibus
872 2739 1115 2814 commutentur,
1143 2735 1175 2798 in
1204 2753 1321 2800 nouum

180 2843 406 2904 testamentum
423 2838 601 2904 obseruatio
617 2843 742 2904 uetusta
761 2839 1001 2920 transfunditur,
1025 2841 1106 2904 sicut
1120 2839 1231 2904 beatus
1247 2857 1321 2923 epo-

180 2944 278 3008 stolus
295 2943 383 3008 dicit:
412 2947 543 3008 uetera
565 2944 801 3009 transierunt
824 2948 860 3008 et
882 2962 965 3008 ecce
988 2944 1024 3008 in
1049 2944 1197 3010 Christo
1220 2944 1321 3008 fecte

179 3051 267 3114 sunt
297 3048 422 3112 omnia
451 3067 555 3114 noue.
601 3049 756 3130 quomodo
787 3053 893 3114 autem
925 3049 1052 3131 hydriae
1083 3050 1154 3114 illac
1184 3051 1319 3133 inpletae

179 3170 260 3234 aqua
275 3151 354 3216 nihil
371 3152 517 3217 minuunt
533 3172 569 3218 en
585 3171 631 3232 eo,
654 3153 736 3235 quod
759 3157 856 3233 erent,
881 3157 912 3218 et
934 3157 1041 3218 temen
1065 3153 1218 3238 incipiunt
1240 3173 1319 3234 esse,
1346 3177 1373 3217 re

178 3255 260 3338 quod
276 3274 339 3320 non
355 3259 454 3336 eraut,
478 3257 522 3322 ita
536 3258 585 3322 lex
601 3273 663 3322 nou
679 3257 792 3340 periuit
813 3276 869 3339 per
892 3257 1063 3322 aduentum
1088 3257 1204 3324 Christi
1227 3257 1319 3322 abso-

178 3361 254 3440 luta,
271 3359 326 3424 sed
347 3359 487 3444 profecit.
523 3361 598 3426 uino
614 3379 686 3445 ergo
702 3361 864 3426 deficiente
880 3363 989 3426 uinnnn
1005 3362 1090 3428 aliud
1113 3362 1317 3428 ministretur.

178 3463 296 3530 bonum
308 3464 435 3546 quidem
448 3467 496 3530 est
509 3467 600 3530 uetus
613 3467 848 3546 testamentum,
866 3465 921 3530 sed
934 3466 1001 3532 sine
1014 3467 1144 3549 spiritali
1156 3467 1317 3532 intellectu

179 3569 340 3634 euanescit
355 3569 388 3633 in
403 3569 519 3649 littera,
540 3586 658 3633 nouum
674 3587 748 3635 uero
763 3570 891 3635 odorem
910 3571 995 3636 uitae
1010 3570 1145 3636 reddidit
1159 3571 1191 3635 in
1207 3571 1316 3656 gratia.

281 3741 310 3810 4]
329 3739 421 3795 Ioann.
432 3743 456 3804 2,
467 3743 490 3796 3.
536 3741 564 3810 8]
583 3739 761 3806 locun.2‚10.
809 3743 852 3812 14]
872 3743 951 3798 Prou.
962 3748 986 3808 9,
997 3747 1019 3800 2.
1071 3743 1113 3814 17]
1132 3743 1230 3798 Peahn.
1241 3747 1283 3809 59,
1293 3749 1317 3802 5.

177 3826 370 3892 Psalm.22‚5.
423 3827 469 3898 23]
487 3827 577 3884 DCor.
587 3831 611 3892 5,
626 3831 666 3884 17.

221 3983 359 4040 lienibus
379 3985 477 4042 Esset.
548 3988 656 4042 tmere
674 4003 707 4042 aa
725 4002 832 4041 mouere
850 3988 880 4042 D
940 3985 1094 4042 odefioisee
1112 3989 1142 4043 D
1203 3988 1271 4044 aliut
1289 3991 1319 4046 D

178 4075 210 4130 13
227 4071 394 4130 inebriantur
411 4075 483 4146 Aup.
547 4077 579 4130 15
598 4077 714 4130 creuere
733 4076 762 4129 D
824 4077 857 4132 19
875 4074 995 4130 eumen
1013 4077 1043 4130 D
1101 4077 1157 4132 unii
1174 4075 1272 4132 defecit
1290 4079 1319 4132 D

177 4158 252 4229 fecit]
271 4159 304 4214 fit
322 4163 392 4231 Aac.
407 4161 506 4218 Duco.
569 4163 601 4218 21
621 4161 735 4216 succidit
753 4163 782 4218 D
844 4165 1042 4217 commotantur
1060 4165 1089 4219 D
1141 4166 1176 4220 24
1192 4164 1269 4235 ydrie
1287 4166 1318 4221 D

177 4245 222 4302 ille
244 4245 344 4316 inplete
367 4248 397 4302 D
474 4249 508 4306 25
531 4247 658 4304 minuunt
675 4250 824 4318 DDaeet,
847 4249 1007 4304 minuuntur
1024 4253 1095 4322 nep.
1167 4253 1201 4307 26
1219 4251 1318 4320 perluit

177 4334 285 4405 scripsi,
308 4333 406 4404 peribit
429 4335 466 4402 D,
484 4335 555 4404 perit
572 4336 643 4408 dap.
658 4336 757 4394 Decet.
839 4335 1005 4409 tepefecit
1027 4354 1134 4411 wapro,
1158 4337 1265 4410 prolicit
1288 4339 1318 4396 D

178 4423 211 4478 29
230 4419 321 4477 reddit
338 4421 410 4496 dap.
423 4421 522 4480 uec.
