3222 5144
646 461 711 515 1111.
731 463 840 516 Sermo
860 465 899 518 18.
1278 463 1341 528 295

198 639 284 720 qnod
307 639 392 722 prius
415 642 503 720 pater·
519 645 625 702 noster·
642 639 783 703 diabolus
807 641 910 720 fuerit,
935 659 969 703 ex
993 659 1125 722 persona
1141 641 1189 703 dei
1212 641 1340 722 loquan-

198 745 242 806 ds
267 745 304 806 ad
329 743 492 807 ecclesiam
516 745 680 826 psalmista
703 749 928 808 commemorat
951 745 1072 807 dicens:
1111 746 1213 824 audi,
1243 747 1340 822 lilia,

199 853 239 911 et
262 848 344 911 nido
368 852 403 912 ct
420 849 561 913 inclina
585 867 710 912 aurem
735 855 834 913 tuam
858 853 894 914 et
917 849 1141 914 obliuiscere
1165 851 1340 932 populum

199 959 306 1016 tuum
330 957 364 1017 et
388 954 534 1018 domum
558 955 678 1037 patris
702 955 764 1017 tui.
800 954 992 1018 considerato
1009 973 1081 1037 ergo
1097 955 1243 1036 primum,
1268 955 1340 1036 quid

198 1058 325 1122 dixerit:
360 1058 432 1122 audi
455 1058 528 1138 lilia,
556 1059 665 1140 iuquit.
712 1059 762 1140 qui
786 1059 874 1122 dicit:
910 1059 981 1122 audi
1010 1058 1083 1138 lilia,
1115 1063 1203 1142 pater·
1234 1059 1339 1140 utique
1379 1085 1392 1125 s

198 1167 257 1226 est.
304 1181 376 1226 cnm
400 1163 489 1226 dixit:
525 1162 708 1226 obliuiscere
736 1165 886 1246 populum
916 1167 1004 1226 tuum
1029 1167 1059 1226 et
1086 1163 1214 1226 domum
1243 1164 1340 1246 patris

199 1269 258 1346 tui,
286 1271 406 1347 patrem
436 1267 540 1349 utique
564 1267 711 1331 admonet
738 1268 985 1349 relinquendum.
1031 1268 1203 1331 incitamur·
1226 1285 1341 1350 ergoa

198 1373 258 1435 deo
286 1375 383 1452 patre,
412 1374 446 1435 ut
472 1370 566 1435 beata
589 1391 624 1435 ac
652 1372 735 1436 lelioi
759 1374 1003 1436 commutatione
1031 1377 1153 1453 patrem
1181 1371 1339 1434 diabolum

198 1477 426 1557 relinquamus.
458 1475 538 1539 bene
562 1475 721 1540 diabolum
745 1481 866 1558 patrem
890 1477 1107 1557 relinquimus,
1132 1476 1157 1539 si
1181 1476 1237 1539 deo
1253 1475 1339 1538 auxi-

197 1581 295 1644 liante
319 1580 521 1644 calliditatem
547 1584 578 1644 et
601 1581 753 1663 nequitias
777 1581 860 1644 illius
884 1580 984 1644 uitare
1009 1599 1132 1662 semper·
1155 1580 1204 1643 uel
1229 1580 1337 1662 fugere
1365 1608 1390 1648 ro

199 1685 392 1749 studeamus.
886 1700 889 1706 ’

242 1789 330 1852 Haec
360 1807 431 1871 crgo
461 1789 576 1869 omnia,
605 1793 640 1852 ut
667 1789 705 1852 dc
733 1793 815 1852 terna
843 1793 958 1868 nostra,
988 1789 1019 1851 id
1042 1792 1091 1852 est
1114 1787 1150 1851 de
1174 1806 1339 1852 conuersa-

200 1894 285 1957 tione
309 1893 425 1956 camali
453 1893 609 1975 possimus
634 1894 714 1956 exiro
742 1897 774 1956 et
797 1894 1013 1975 cognationem
1037 1897 1186 1972 nostram,
1210 1893 1268 1955 hoc
1292 1897 1339 1955 est

199 1999 276 2061 uitia
299 2003 330 2060 et
352 2001 481 2080 peccata
504 1997 678 2078 relinquero
703 2001 734 2060 et
758 1997 794 2059 dc
818 1997 908 2061 domo
932 1997 1048 2060 diaboli
1070 1997 1167 2079 patris
1192 1996 1338 2080 effugere,

198 2121 261 2166 uon
286 2102 399 2165 uostris
422 2101 551 2180 uiribus,
581 2102 634 2164 sed
659 2101 774 2165 Christi
797 2102 899 2184 gratia
922 2101 1056 2166 donante
1081 2101 1261 2165 meruimus.
1309 2105 1339 2166 et
1366 2127 1391 2167 rs

196 2207 276 2286 ideo,
300 2209 452 2288 quantum
475 2207 643 2288 possimus,
667 2225 739 2269 cum
760 2206 809 2269 dci
833 2206 983 2270 adiutorio
1007 2205 1195 2286 laboremne,
1220 2225 1258 2269 nc
1282 2207 1339 2269 ito-

197 2330 269 2374 rum
292 2311 331 2374 ad
353 2310 544 2374 consortium
560 2311 611 2373 uel
635 2311 803 2374 amicitiam
827 2310 942 2374 diaboli
958 2311 1009 2374 uel
1032 2311 1109 2374 uitia
1125 2312 1173 2374 uel
1198 2311 1338 2374 carnales

198 2415 465 2498 concupiscentias
496 2415 661 2478 redeamus
693 2419 817 2498 propter
848 2416 940 2496 illud,
978 2415 1060 2498 quod
1091 2416 1242 2498 scriptum
1276 2419 1337 2478 est:

197 2521 270 2583 iam
294 2538 407 2582 sanus
431 2519 553 2582 lactus
578 2538 629 2598 es,
659 2519 736 2582 noli
764 2538 934 2602 peccare,
963 2520 1118 2602 nequid
1146 2518 1216 2583 tibi
1239 2519 1339 2583 dcte·

197 2625 273 2687 rius
299 2624 383 2702 liat,
407 2623 462 2686 sed
478 2623 625 2687 Abrahae
648 2623 741 2687 fidem
765 2625 867 2706 potius
892 2625 1041 2688 imitando
1065 2629 1097 2687 et
1120 2624 1202 2687 bona
1225 2624 1338 2706 ingiter
1365 2650 1390 2689 ro

197 2747 293 2811 opera
313 2729 454 2792 faciendo
478 2747 539 2792 non
557 2729 658 2792 solnm
675 2729 712 2791 ad
730 2729 865 2808 ueniam,
890 2729 943 2792 sed
968 2729 1061 2792 ctiam
1085 2728 1123 2792 ad
1148 2729 1337 2792 consortium

197 2834 247 2896 uel
271 2833 424 2896 amicitias
448 2833 497 2896 dei
528 2834 691 2914 peruenire
715 2833 882 2916 possimus
928 2833 1005 2896 illud
1032 2833 1127 2896 etiam
1152 2837 1337 2912 metuentes,

196 2939 276 3020 orrod
302 2939 339 3000 de
363 2937 421 3001 hac
446 2937 553 3000 eadem
578 2957 610 3000 re
634 2936 806 3021 (dominus)
828 2938 949 3001 locutus
974 2943 1022 3000 est
1045 2938 1083 3000 ad
1100 2937 1241 3020 Moysen,
1266 2956 1336 3000 cum

196 3042 308 3125 grandi
336 3047 422 3106 metu
451 3045 483 3104 et
510 3045 642 3106 tremore
671 3043 865 3106 considerare
894 3040 1054 3104 debemus,
1102 3043 1145 3104 sio
1169 3042 1336 3105 enimait:

197 3165 293 3224 cum,
318 3147 429 3228 inquit,
457 3145 658 3210 tradiderit
688 3146 793 3210 uobis
825 3146 995 3210 dominns
1026 3152 1163 3209 terram
1196 3145 1337 3210 Chana—
1364 3172 1390 3211 2⁵

197 3269 388 3330 uncorum,
416 3254 562 3328 cauete,
587 3271 630 3313 uc
652 3269 827 3332 umquam
850 3269 931 3314 cum
958 3249 1238 3314 habitatoribus
1267 3254 1337 3314 ter·-

196 3373 257 3418 rac
286 3355 390 3418 illins
418 3354 586 3436 iungatis
614 3355 817 3434 amicitias,
846 3373 939 3436 quae
967 3353 1073 3418 uobis
1102 3355 1177 3417 siut
1204 3354 1239 3418 in
1266 3355 1337 3418 rui·

196 3479 290 3523 nam.
337 3479 408 3522 cunr
433 3459 646 3542 pergratiam
674 3458 822 3542 baptismi
845 3477 863 3522 a
892 3459 981 3524 nobis
1006 3459 1110 3523 omnia
1133 3459 1264 3524 crimina
1287 3459 1336 3522 uel

196 3569 325 3648 peccata
348 3565 476 3647 expulsa
499 3583 567 3627 esse
591 3563 764 3643 credamne,
794 3565 818 3626 si
847 3569 956 3646 postea
980 3583 1050 3628 cum
1079 3565 1153 3648 ipsis
1178 3565 1262 3627 uitiis
1286 3563 1336 3626 nel

300 3737 327 3804 2]
348 3735 445 3790 Psalrn.
459 3739 501 3800 ll,
517 3739 556 3791 11.
608 3735 650 3804 ln]
670 3736 761 3790 locun.
776 3741 800 3800 b,
815 3739 855 3791 ll.
903 3737 948 3805 ⁶25]
969 3737 1046 3790 Deut.
1062 3739 1084 3798 7,
1101 3740 1128 3799 l;
1147 3736 1226 3790 Exod.
1239 3737 1281 3800 34,
1297 3738 1335 3791 12.

241 3891 396 3950 ldiabulus
416 3894 444 3946 D
497 3893 623 3960 binquid
644 3895 673 3946 D
725 3893 965 3948 Sconunoiationc
985 3895 1013 3947 D
1067 3891 1204 3944 diubuluur
1223 3893 1252 3946 D
1263 3899 1336 3948 utro-

194 3999 243 4050 quc
262 3982 319 4036 ioco
388 3983 418 4034 12
437 3988 462 4032 te
483 3981 512 4033 D
577 3983 607 4034 ll
629 3979 774 4048 relinquere
794 3983 874 4048 ⁴triga,
895 3979 1075 4048 relinquamus
1095 3980 1123 4033 D
1188 3977 1288 4032 diabuli
1309 3981 1374 4034 D'

196 4071 227 4124 17
246 4065 346 4120 diaboli
362 4068 390 4120 D
446 4071 477 4124 18
496 4067 722 4136 concupiscentias
741 4085 774 4122 er
792 4067 1067 4135 concupiscentiarum
1081 4067 1110 4120 D
1162 4065 1294 4120 rediamus
1308 4068 1337 4122 D

193 4157 227 4210 20
250 4153 363 4206 hebreae
387 4155 416 4208 D
486 4155 576 4224 pullus
601 4155 629 4208 D
700 4153 834 4206 cmitondo
860 4155 887 4206 D
957 4157 990 4207 ‘22'
1020 4157 1166 4206 uretuentos
1189 4173 1239 4208 ona
1264 4155 1334 4222 clero.

192 4243 227 4296 23
246 4240 370 4293 domiuus
391 4245 472 4310 cluo,
491 4261 541 4296 ona
564 4242 591 4294 Il
655 4244 688 4295 al
708 4248 822 4292 trenrore
841 4241 923 4308 siun,
943 4257 1031 4291 annno
1052 4241 1080 4294 D
1144 4243 1176 4294 23
1196 4241 1288 4308 inquid
1309 4241 1336 4294 D

192 4327 296 4381 chanan
316 4329 377 4380 cord
398 4329 427 4382 D
479 4331 512 4383 27
532 4327 628 4382 ruritius
648 4329 675 4381 D
728 4331 761 4384 28
781 4325 854 4396 curra]
874 4327 944 4380 cuim
964 4328 1113 4398 briddam
1168 4327 1336 4384 babtismil)

193 4413 312 4468 cremina
333 4414 359 4470 I)
