3268 5142
622 501 687 556 1111.
708 501 816 556 Sermo
834 503 876 557 23.
1255 497 1319 564 315

178 682 377 767 peculiariter
399 681 483 744 enim
507 680 569 744 ista
591 680 630 744 ad
653 679 878 762 professionem
901 682 1042 744 nostram
1066 677 1224 762 pertinent
1240 675 1319 740 nihil

176 787 209 851 in
232 787 291 850 bac
314 786 381 850 uita
403 784 623 850 consolationis
645 783 812 866 requirere,
840 783 917 847 nihil
940 783 1075 862 honoris,
1105 781 1319 864 praesentium

177 909 283 955 rerum
305 889 422 955 solacia
440 888 583 972 refugere
606 891 636 952 et
660 889 699 952 ad
721 887 874 969 promissa
893 891 1038 952 aeternae
1058 885 1318 951 remunerationis

178 995 320 1078 praemia
342 993 484 1058 animum
507 1010 703 1076 prosperare,
727 990 918 1056 subiectione
942 995 974 1056 et
996 991 1168 1056 abiectione
1184 990 1319 1074 gaudere

176 1103 210 1163 et
232 1100 450 1182 paupertatem
481 1097 583 1162 studio
614 1115 763 1178 quaerere
786 1100 819 1160 et
841 1114 903 1161 non
927 1097 1029 1160 solum
1056 1096 1232 1175 facultates
1263 1095 1318 1160 sed
1357 1121 1370 1159 s

176 1205 263 1286 ipsas
294 1202 474 1267 uoluntates
501 1201 539 1266 de
567 1201 712 1266 cordibus
737 1201 902 1265 eradicare.
941 1201 1018 1265 nihil
1045 1201 1128 1264 enim
1160 1199 1318 1283 proprium

175 1308 293 1372 habere
322 1306 481 1371 interdum
510 1325 560 1370 res
591 1306 787 1370 necessitatis
818 1305 923 1390 exigit,
957 1305 1034 1370 nihil
1065 1309 1171 1370 autem
1205 1323 1319 1370 conou-

174 1412 296 1496 piscere
318 1431 369 1476 res
393 1413 441 1476 eet
462 1409 596 1474 uirtutis.

220 1516 303 1580 Illud
326 1516 422 1580 etiam
446 1515 524 1580 seire
547 1513 708 1595 debemus,
732 1515 824 1596 quod,
847 1515 900 1596 qni
919 1515 1001 1580 inter
1016 1533 1073 1579 nos
1088 1515 1187 1578 uitam
1203 1513 1318 1578 habere

176 1620 410 1700 constituimus,
442 1621 498 1684 aut
520 1637 591 1683 oum
614 1619 725 1702 grandi
747 1619 850 1684 fructu
874 1622 930 1684 aut
951 1637 1024 1682 cum
1046 1619 1155 1702 grandi
1181 1618 1318 1701 periculo
1347 1644 1371 1682 10

176 1725 228 1788 nel
259 1724 424 1808 diligentes
455 1724 505 1788 uel
536 1723 631 1788 ctiam
662 1723 875 1808 neglegentes
896 1742 1016 1788 sumus.
1054 1723 1136 1786 unde
1167 1723 1240 1786 felix
1270 1725 1319 1787 est

175 1829 230 1893 illa
251 1829 366 1908 anima,
398 1846 488 1910 quae,
519 1828 595 1892 dum
625 1827 706 1892 bene
730 1828 1026 1912 incongregatione
1053 1830 1206 1907 uersatur,
1237 1827 1318 1891 mul·

177 1935 282 1998 torum
305 1933 454 2017 gaudium
478 1935 528 1997 est
551 1935 582 1996 et
603 1932 730 2014 plurimi
754 1951 791 1996 er
813 1949 850 1996 ea
872 1933 923 1996 nel
946 1931 1151 1996 aedificantur
1174 1931 1225 1996 nel
1247 1931 1318 1996 illu·

176 2038 345 2102 minantur.
384 2035 468 2101 bona
490 2037 584 2117 enim,
607 2037 683 2101 dum
707 2036 816 2100 multis
839 2036 1121 2117 communicantur,
1152 2036 1271 2101 addunt
1309 2086 1316 2100 .

176 2141 215 2206 ad
238 2141 320 2223 qued
344 2141 439 2206 etiam
463 2141 686 2224 sapientissimi
705 2141 788 2204 illius
804 2141 960 2206 sententia
975 2140 1111 2223 respicit,
1134 2158 1213 2221 quae
1229 2139 1316 2204 dicit:
1345 2163 1370 2204 ra

176 2245 322 2325 filimi,
350 2245 381 2310 si
404 2245 556 2328 sapiens
579 2245 711 2326 fueriS,
737 2243 839 2330 (eris)
865 2243 936 2309 tibi
963 2248 1000 2308 et
1026 2245 1204 2327 proximis
1233 2245 1316 2308 tuis.

174 2349 281 2432 itaque
304 2349 331 2412 si
354 2349 424 2431 quis
448 2349 481 2413 in
504 2350 743 2434 congregatione
765 2351 884 2432 positus
907 2349 1119 2414 humilitatem
1135 2367 1169 2413 se
1185 2367 1318 2431 sequen-

175 2453 259 2518 tibus
290 2457 345 2518 ant
365 2453 550 2535 patientiam
573 2452 762 2537 praebuerit,
794 2457 947 2535 quantum
978 2472 1016 2518 ex
1045 2473 1079 2518 se
1106 2453 1224 2518 bonum
1246 2471 1317 2536 pre·

175 2557 265 2622 nimis
296 2557 484 2638 commodat,
515 2561 640 2622 tantum
669 2557 702 2622 in
734 2577 768 2622 se
801 2558 888 2622 luera
922 2558 1053 2622 aliorum
1087 2557 1251 2622 conuertit.
1291 2557 1317 2622 si

175 2679 249 2726 uero
273 2681 289 2725 e
313 2661 468 2726 contrario
493 2681 550 2744 per
572 2661 834 2727 inoboedientiam
856 2662 907 2726 uel
931 2661 1123 2744 superbiam,
1153 2677 1316 2743 quaeres,
1343 2687 1369 2726 ιο

175 2765 258 2847 quod
280 2765 369 2848 peius
393 2767 451 2845 est,
473 2765 597 2830 facilius
620 2765 756 2830 inueniri
779 2766 868 2846 solet,
891 2766 931 2830 ud
954 2766 1029 2830 mali
1049 2767 1226 2850 exemplum
1249 2765 1317 2830 siue

175 2869 347 2951 iniqnitatis
370 2868 448 2934 alios
471 2870 643 2950 attraxerit,
671 2873 804 2952 quantos
827 2870 1024 2950 destruxerit,
1055 2870 1093 2934 de
1116 2872 1213 2935 tantis
1235 2871 1317 2954 peri·

176 2973 282 3038 culum
302 2973 514 3038 damnationis
534 2975 673 3054 incurrit,
694 2973 820 3057 quantis
836 2973 1060 3040 detrimentum
1075 2975 1144 3055 fuit,
1165 2975 1316 3040 detentis

177 3077 292 3142 damna
314 3077 470 3142 contraxit
492 3081 524 3142 et
546 3081 720 3162 peceatum,
744 3079 826 3160 quod
848 3077 887 3143 ab
912 3079 965 3144 illo
989 3079 1086 3144 semel
1110 3079 1247 3160 recessit,
1278 3079 1317 3144 ad

176 3199 249 3246 enm
271 3181 484 3265 multipliciter
505 3181 703 3247 redundabit.
742 3181 946 3264 quamobrem
969 3183 1051 3248 sicut
1073 3183 1124 3248 ille
1147 3183 1239 3248 ualde
1262 3183 1317 3248 ad·
1343 3209 1368 3248 ιι

177 3286 337 3350 mirandus
360 3289 455 3368 atque
477 3287 653 3352 laudandus
677 3290 734 3368 est,
763 3287 851 3352 cuius
878 3305 988 3353 cursus
1016 3288 1116 3354 bonus
1144 3289 1316 3352 multorum

175 3389 333 3472 protectur
364 3393 422 3470 eat,
452 3390 497 3454 ita
518 3391 572 3456 ille
594 3409 657 3456 non
680 3391 837 3457 immerito
863 3392 1019 3476 lugendus
1042 3397 1100 3474 est,
1130 3392 1219 3456 euius
1249 3391 1317 3456 uita

176 3493 347 3560 multorum
370 3495 462 3560 ruina
484 3499 541 3560 est.

267 3718 326 3789 .16]
344 3717 425 3774 Pron.
438 3723 463 3785 9,
478 3721 517 3776 12.

218 3930 231 3983 l
262 3925 521 3997 nichil-requirere
549 3929 612 3985 adu.
630 3931 658 3985 B
680 3933 712 3986 ira
734 3949 818 4002 marg.
890 3935 906 3988 5
929 3931 1081 4002 facultates]
1109 3934 1179 4002 ipsas
1201 3935 1265 3990 odd.
1288 3939 1316 3992 A

175 4013 233 4084 aed]
252 4015 280 4068 et
297 4013 402 4070 adem
467 4017 543 4072 eost
560 4017 695 4074 oraBCo
759 4019 839 4087 aqui
857 4019 1101 4090 inter—p.317,6
1118 4021 1261 4093 prioribus]
1281 4026 1315 4092 cf.

176 4101 273 4157 moro.
285 4101 355 4156 born
369 4105 402 4156 41
421 4103 548 4168 (BPML
565 4104 670 4160 Vlooe
681 4105 722 4172 D)
776 4107 808 4161 10
827 4105 998 4160 aut-fructu
1015 4123 1066 4163 om.
1079 4107 1150 4163 1300
1201 4109 1316 4166 oileum

175 4189 547 4246 autumem-somatum
602 4191 965 4260 mammothreptus·
1019 4193 1264 4250 19aliorumlucra
1279 4197 1317 4253 Ge

175 4275 208 4330 20
225 4273 280 4344 nel]
299 4291 347 4344 per
364 4276 429 4332 odd.
442 4277 469 4332 A
532 4293 599 4346 qnae
618 4293 659 4332 rea
677 4280 786 4350 scripsi,
808 4295 917 4348 quaeres
939 4280 1055 4350 (queres)
1078 4283 1150 4352 libet,
1173 4287 1316 4352 quaerete

175 4361 209 4416 23
226 4361 258 4416 de
276 4379 357 4418 omo
418 4365 452 4420 24
470 4365 610 4420 contrahet
627 4367 666 4422 ΑΙ
720 4367 754 4422 25
772 4365 958 4438 admirandus]
977 4371 1018 4422 eat
1035 4370 1157 4427 uddBo
1208 4372 1241 4426 27
1260 4385 1315 4426 non

176 4445 320 4519 immerito]
339 4449 434 4506 meritc
453 4451 509 4506 AB
