3290 5152
548 490 775 560 Epistularum
793 490 846 546 lib.
860 493 889 546 II
907 493 1017 548 44—47.
1285 494 1349 558 429

206 666 290 732 fecit.
338 670 369 732 et
391 667 461 732 ideo
487 671 596 732 contra
619 668 814 733 uoluntatem
837 669 955 734 domini
976 669 1083 733 nenne
1107 668 1273 749 uidebitur,
1300 669 1350 732 cui

207 770 353 854 displicet
375 771 479 836 diuina
494 772 680 856 praeceptio,
704 772 812 855 utique
828 772 944 853 diuina,
968 773 1041 854 quia
1056 773 1193 838 animam
1209 777 1348 838 nostram

206 875 259 940 ille
286 875 381 955 solus,
411 893 482 940 cum
511 877 655 956 uoluerit,
686 895 723 940 er
746 895 872 959 corpore
894 879 999 959 potest
1022 877 1161 956 educere,
1193 878 1247 959 qui
1269 877 1349 942 fudit

206 979 238 1042 in
262 996 398 1063 corpore.
433 985 465 1045 et
488 981 599 1046 idcirco
622 981 724 1045 luctus
747 981 806 1045 iste
830 981 955 1061 nimius,
980 981 1033 1062 qui
1056 981 1180 1046 uidetur
1200 999 1268 1046 esse
1284 981 1349 1064 pie·

208 1083 292 1163 tatis,
315 1084 417 1168 magis
441 1104 477 1150 er
501 1084 616 1150 diaboli
638 1085 766 1150 consilio
790 1104 886 1167 quem
909 1104 945 1150 ex
967 1085 1084 1168 pietate
1108 1085 1279 1167 descendit,
1303 1089 1348 1166 ut,
1387 1110 1399 1150 o

206 1187 281 1252 dum
305 1188 392 1254 dolor
415 1189 635 1254 consolationis
660 1191 815 1272 inpatiens
838 1190 984 1272 querellis
1000 1190 1064 1254 suis
1080 1190 1174 1254 deum
1188 1190 1347 1274 inpietatis

206 1291 381 1374 exprobrat,
404 1295 457 1375 qui
480 1293 642 1377 praemisit
664 1292 763 1358 filium
786 1293 1027 1376 pernumerem
1051 1293 1270 1374 conditionem,
1292 1313 1347 1378 per

206 1396 457 1462 increduiitatem
480 1399 619 1462 animam
641 1398 761 1480 perdat.

248 1500 408 1585 Plangant
429 1503 544 1566 mortui
567 1505 707 1566 mortuos
732 1520 815 1582 snos,
839 1520 915 1584 quos
938 1505 1168 1568 resurrecturos
1192 1521 1260 1566 esee
1284 1520 1346 1568 non

205 1605 345 1685 credunt,
377 1605 430 1688 qui
461 1606 600 1670 animem
630 1623 703 1670 cum
733 1623 826 1670 carne
857 1605 1027 1670 aestimant
1056 1606 1198 1687 interire,
1233 1605 1345 1689 quibus
1375 1631 1398 1670 ιο

205 1709 292 1774 nulla
313 1707 379 1793 (de)
400 1708 593 1776 beatitudine
616 1711 750 1791 animae,
782 1710 869 1774 nulle
898 1710 935 1774 de
963 1711 1099 1794 corporis
1122 1711 1345 1776 restauratione

205 1811 319 1878 fiducia
348 1817 404 1878 est.
458 1833 515 1880 nos
545 1831 629 1895 uero,
664 1815 717 1897 qui
748 1833 835 1898 spem
866 1815 1100 1878 resurrectionis
1131 1814 1284 1879 habemns
1313 1815 1345 1879 in

207 1915 339 1998 Christo,
363 1919 416 2001 qui
439 1919 560 1983 animas
584 1921 707 1984 nostras
730 1919 815 1982 iuxta
837 1919 1093 2002 pollicitationem
1114 1919 1212 2002 ipsius
1228 1919 1345 1984 domini

205 2020 237 2084 in
260 2026 439 2088 sanctorum
468 2023 588 2088 sinibus
612 2023 767 2088 credimus
791 2023 954 2102 conlocari,
985 2023 1151 2107 adipsum
1175 2041 1231 2087 nos
1254 2023 1345 2088 corde

205 2129 237 2189 et
271 2125 463 2192 orationibus
499 2127 696 2192 conferamus
731 2131 762 2192 et
798 2127 1042 2192 consolationem
1073 2127 1110 2191 de
1144 2127 1241 2209 ipsius
1275 2143 1397 2208 pro-1⁵

206 2229 352 2295 missione
380 2231 550 2315 capiamus,
581 2231 663 2314 quod
686 2231 847 2296 credentes
872 2230 902 2294 in
927 2249 960 2294 se
983 2248 1090 2295 secum
1118 2232 1223 2294 uiuere
1251 2231 1345 2295 faciat

205 2352 261 2398 nec
291 2335 374 2400 ullus
405 2335 487 2418 apud
517 2353 589 2400 eum
620 2335 680 2400 nisi
710 2333 844 2400 infidelis
876 2338 1017 2400 mortuus
1040 2335 1201 2400 indicetur.
1249 2337 1280 2399 et
1302 2335 1344 2398 ita

204 2438 347 2521 planctus
360 2443 493 2520 nostros,
510 2439 592 2504 sicut
608 2440 762 2524 scriptura
777 2457 834 2504 nos
851 2439 968 2520 edocet,
985 2443 1206 2522 temperemur,
1224 2439 1342 2502 dicens:

204 2541 326 2606 luctus
364 2543 549 2626 sapientis
588 2547 730 2627 septem
767 2543 911 2624 diebus,
949 2543 1055 2624 impii
1093 2561 1179 2608 uero
1217 2559 1342 2606 omnes

205 2645 281 2710 dies
303 2647 406 2712 uitae
429 2665 527 2712 suae.
561 2648 643 2712 sicut
662 2647 778 2712 scimus
797 2647 887 2712 illum
902 2650 1062 2711 mortuum
1077 2664 1214 2728 corpore,
1237 2646 1344 2711 anima
1369 2673 1395 2710 eo

203 2767 277 2814 uero
306 2769 361 2834 pro
391 2751 570 2844 innocentie
596 2751 733 2817 suadeo
756 2751 872 2832 uiuere,
903 2751 948 2815 ita
969 2769 1026 2816 nos
1049 2751 1193 2816 uiuentes
1216 2768 1342 2834 corpore

204 2854 295 2919 corde
317 2855 497 2922 moriamur.

676 2977 869 3042 XXXXVII.

480 3137 598 3180 Rumori
621 3137 762 3180 nprscorl
786 3137 828 3178 ΑΙ)
853 3137 1065 3178 rennuerunt.

246 3270 315 3354 Ago
342 3272 460 3356 gratiss
483 3272 735 3355 promptissimae
758 3272 790 3336 in
814 3271 938 3336 domino
962 3270 1118 3334 deuotioni
1142 3273 1173 3333 et
1196 3269 1342 3334 sinceris·
1368 3295 1393 3332 eo

203 3375 299 3440 simae
330 3393 405 3458 erga
435 3394 485 3440 me
515 3375 638 3440 caritati
667 3379 803 3455 uestrae,
832 3393 910 3457 quae
942 3373 1066 3438 diuinae
1094 3371 1242 3437 bonitatis
1270 3373 1341 3438 irni-

202 3478 295 3542 iatrir
310 3478 351 3559 id,
374 3479 457 3560 quod
480 3496 498 3543 a
521 3498 571 3544 me
587 3479 646 3543 sibi
661 3479 809 3563 prospicit
831 3477 1081 3562 supplicandum,
1104 3497 1143 3538 aa
1159 3477 1340 3559 priusquam

202 3585 341 3665 rogetur,
377 3586 408 3648 et
442 3587 583 3648 nostrum
618 3601 845 3667 praeoccupare
877 3580 1091 3648 beniuolentia
1121 3599 1178 3646 sue
1212 3581 1341 3646 festinat

306 3753 334 3823 e]
353 3751 417 3808 nne.
431 3755 456 3818 s,
469 3757 511 3810 oo.
567 3753 612 3823 19]
631 3753 711 3809 secu.
724 3756 766 3818 22,
782 3755 821 3810 re.

246 3909 414 3966 luidebitur
432 3929 455 3978 u,
474 3909 653 3967 indebiturd'
702 3909 899 3980 adeptione
950 3907 1159 3966 sonandus
1210 3911 1340 3965 deumv

200 3995 363 4067 querillisS
418 3995 645 4066 spargant-in
663 3996 782 4066 Christo]
800 3999 835 4066 cs.
849 4013 888 4066 ep.
903 3997 971 4052 114
1033 3998 1063 4052 ll
1084 3993 1116 4048 de
1134 3996 1198 4051 add.
1211 4013 1235 4064 o,
1254 3997 1342 4052 om.S

203 4085 233 4138 14
246 4080 372 4138 linibusv
426 4085 458 4138 15
470 4082 678 4140 consolationis
733 4085 765 4140 18
777 4082 935 4153 pleuctosS
985 4084 1017 4138 21
1032 4081 1185 4138 uiuentisS
1237 4084 1271 4138 22
1284 4098 1339 4136 mo·

200 4167 313 4237 damur]
331 4168 393 4222 finit
410 4170 511 4226 adds
571 4169 748 4226 scrutinis
799 4169 1009 4224 taurenciumS
1064 4170 1098 4224 25
1117 4169 1341 4237 prumtissimeS

199 4255 376 4310 sincerissime
395 4257 418 4312 S
469 4257 503 4312 26
522 4255 613 4310 diuina
632 4257 662 4326 S,
680 4275 778 4314 cortu
830 4259 863 4312 27
882 4255 910 4309 id
929 4254 999 4323 quod
1018 4273 1034 4308 a
1051 4257 1158 4326 scepei,
1178 4255 1205 4308 id
1225 4254 1295 4324 quod
1310 4256 1339 4320 S,

200 4340 246 4396 det
268 4341 339 4410 quod
362 4359 378 4396 a
400 4343 584 4398 Mommscuuo
650 4349 713 4413 post
732 4341 936 4412 supplicandum
959 4342 1069 4398 uidetur
1091 4341 1244 4412 suppeditat
1265 4343 1338 4409 (sup-

199 4428 330 4497 peditare)
347 4431 391 4484 uel
407 4431 495 4484 corin
513 4429 581 4499 quid
597 4430 779 4499 supplendum
