3222 5144
614 460 680 514 1111.
700 459 809 514 Sermo
827 464 852 516 6.
1239 463 1303 527 245

160 635 266 716 fuerit,
294 635 469 718 disrumpet
491 639 532 700 te.
578 637 627 700 dic
651 655 725 700 sene
749 637 859 718 amico,
887 638 941 720 qui
964 639 1034 702 uult
1060 641 1091 702 te
1119 639 1220 703 iacere
1243 639 1302 704 ini-

162 741 280 804 micum
303 740 396 804 amici
419 740 475 820 tui,
504 741 661 822 adloquere
686 745 718 806 et
740 745 901 824 tamquam
925 745 1140 826 aegrotantem
1164 743 1302 808 animam

161 845 333 910 medicinae
352 845 483 909 lenitate
502 848 668 927 pertracta.
708 845 757 910 dio
778 847 837 911 illi:
861 865 956 928 qnare
980 847 1039 928 uis,
1062 851 1098 912 nt
1119 848 1179 911 sim
1201 848 1303 912 inimi-

160 967 215 1012 eus
239 949 345 1014 illius?
382 949 594 1032 respondebit:
619 950 692 1031 quia
715 951 859 1014 inimicus
884 969 972 1014 meus
990 953 1046 1014 est.
1088 951 1135 1014 uis
1160 970 1243 1035 ergo,
1267 957 1303 1016 nt

160 1054 220 1118 sim
248 1053 393 1118 inimicus
420 1055 502 1118 illius
530 1053 649 1118 inimici
676 1055 743 1118 tui?
787 1055 932 1119 inimicus
962 1073 1030 1118 esse
1058 1054 1155 1119 debeo
1183 1057 1301 1138 peccati
1341 1082 1354 1120 s

159 1159 216 1221 tui.
262 1159 332 1238 iste,
364 1158 412 1222 oui
444 1177 494 1221 me
521 1159 570 1222 uis
599 1158 700 1222 facere
731 1158 903 1238 inimicum,
934 1159 1027 1224 homo
1056 1163 1114 1240 est,
1146 1159 1226 1223 alius
1254 1163 1303 1224 est

160 1263 305 1327 inimicus
334 1267 417 1344 tuns,
445 1264 495 1326 cui
518 1262 616 1327 debeo
643 1282 711 1327 esse
739 1263 894 1344 inimicus,
923 1263 949 1327 si
972 1264 1091 1328 amicus
1118 1268 1190 1328 tuus
1219 1283 1300 1328 sum.

158 1367 379 1450 respondebit:
414 1369 484 1450 quis
519 1371 566 1432 est
600 1367 679 1431 alius
714 1367 867 1432 inimicus
891 1371 1005 1432 meus?
1057 1368 1171 1432 uitium
1202 1372 1300 1432 tuum.

157 1471 372 1555 respondebit:
403 1473 475 1554 qnid
500 1475 549 1536 est
571 1472 682 1536 uitium
710 1475 837 1536 meum?
882 1472 997 1553 odium,
1021 1490 1082 1554 qno
1110 1472 1201 1537 odisti
1226 1473 1301 1537 ami·

158 1595 231 1640 cnm
256 1581 356 1640 tuum.
1329 1605 1354 1643 ιο

203 1681 280 1746 Esto
308 1699 381 1765 ergo
410 1681 521 1745 similis
544 1681 674 1745 medico.
720 1681 858 1745 medicos
882 1699 944 1745 non
967 1683 1052 1744 amat
1074 1683 1301 1765 aegrotantem·

159 1787 184 1850 si
217 1805 278 1850 non
311 1785 375 1850 odit
405 1785 642 1869 aegritudinem.
687 1790 724 1850 ut
753 1784 866 1850 liberet
897 1789 1074 1868 aegrotum,
1104 1785 1301 1868 persequitur

158 1891 288 1954 febrem.
336 1890 431 1954 nolite
462 1908 567 1954 amare
598 1889 675 1954 uitia
705 1890 876 1954 amicornm
907 1893 1097 1970 uestromm‚
1129 1891 1157 1953 si
1186 1891 1300 1954 amatis

158 1995 276 2060 amicos
300 1999 431 2059 nestros.
471 1995 525 2058 sed
549 1996 599 2058 coi
623 1995 701 2074 dico,
724 1997 827 2076 potas,
850 2013 889 2058 ne
911 1994 991 2058 facio
1015 2011 1072 2078 ego
1094 1995 1183 2077 ipse?
1218 1995 1300 2076 qood

157 2099 236 2178 dico,
260 2099 371 2162 iratres
395 2099 468 2180 mei,
491 2099 581 2178 facio,
604 2099 687 2163 siin
710 2117 760 2162 me
783 2097 872 2162 facio.
919 2098 1040 2180 primos
1064 2101 1169 2162 autem
1192 2098 1224 2161 in
1248 2115 1298 2163 me
1328 2125 1352 2164 1⁵

157 2203 247 2282 facio,
272 2204 298 2266 si
314 2221 333 2266 a
348 2203 473 2267 domino
498 2203 614 2286 accipio
630 2203 698 2267 odio
722 2203 799 2267 uitia
822 2221 902 2283 mea,
926 2221 1100 2267 cormeum
1124 2201 1163 2266 ad
1187 2220 1301 2266 sanan-¹

157 2308 232 2371 dnm
250 2307 346 2372 offero
370 2307 499 2387 medico,
523 2305 692 2390 persequor
714 2310 853 2391 peccata,
869 2311 1021 2389 quantum
1044 2325 1184 2390 possum,
1207 2325 1299 2390 gemo

157 2413 195 2476 de
219 2411 292 2492 illis,
323 2411 482 2492 confiteor,
509 2411 583 2494 qnia
606 2411 734 2476 suntin
765 2430 825 2492 me,
854 2417 885 2475 et
915 2430 972 2495 ego
1000 2429 1111 2476 accuso
1140 2429 1200 2474 me.
1247 2409 1300 2492 qui

157 2535 208 2579 me
237 2515 497 2598 reprehendebas,
528 2516 647 2599 corrige
677 2520 717 2580 te.
763 2515 840 2579 haec
870 2520 918 2580 est
947 2515 1077 2595 institia,
1109 2535 1148 2579 ne
1178 2515 1299 2578 dicatur

157 2619 261 2685 nobis:
286 2620 464 2702 stipulam
487 2620 523 2684 in
546 2621 651 2685 oculo
674 2620 806 2684 fratris
829 2619 883 2683 tui
907 2624 945 2683 tn
969 2620 1073 2684 uides
1095 2623 1131 2683 et
1152 2617 1297 2684 trabem
1325 2646 1351 2686 ro

156 2727 192 2790 in
221 2725 328 2788 oculo
356 2729 418 2788 tuo
446 2742 517 2788 non
544 2724 660 2788 eides.
706 2724 911 2807 hypocrita,
940 2725 1016 2788 eice
1043 2723 1202 2806 primum
1225 2725 1297 2787 tra·

157 2829 237 2892 hem
268 2829 310 2893 de
342 2829 448 2892 oonlo
480 2833 551 2893 tuo.
597 2829 643 2893 ira
665 2827 777 2893 fistuca
800 2833 857 2909 est,
885 2828 991 2892 odium
1014 2828 1129 2908 trabes,
1161 2827 1216 2892 sed
1238 2845 1298 2891 nn-

155 2933 236 2996 tristi
265 2933 408 2996 fistucam
438 2935 469 2996 et
495 2932 532 2998 fit
553 2932 668 2996 trabes.
713 2933 761 2996 ira
783 2932 957 2997 inueterata
979 2931 1015 2996 fit
1037 2931 1158 3015 odium,
1186 2930 1297 2996 fistuca

155 3038 274 3101 nutrita
294 3037 329 3100 fit
351 3036 466 3101 trabes.
505 3041 540 3101 nt
560 3056 632 3120 ergo
648 3037 761 3102 fistuca
783 3055 845 3102 non
861 3037 918 3101 fiat
933 3035 1049 3118 trabes,
1065 3055 1135 3102 non
1151 3036 1298 3102 occidat

154 3142 208 3206 sol
225 3161 335 3225 super
351 3141 581 3206 iracundiam
601 3145 773 3206 nestram.
821 3141 907 3205 uides
931 3141 1090 3224 sentiaque
1114 3141 1182 3204 odio
1204 3145 1235 3205 te
1258 3141 1295 3205 li·
1322 3168 1348 3206 m

154 3251 282 3310 nentem
310 3249 342 3310 et
368 3245 567 3327 reprehendis
591 3245 800 3310 irascentem?
837 3246 911 3310 tolle
935 3265 951 3309 e
975 3249 1005 3309 te
1029 3245 1135 3310 odium
1159 3249 1190 3310 et
1211 3249 1295 3309 recte

152 3349 353 3433 reprehendis
376 3351 464 3413 iram.
507 3349 619 3414 fistuca
642 3351 744 3414 estin
767 3350 855 3414 oculo
879 3367 945 3430 suo,
975 3350 1006 3413 in
1030 3353 1085 3414 tuo
1108 3349 1213 3414 trabes
1237 3353 1293 3414 est,

256 3609 302 3680 ao]
322 3609 418 3664 naen.
434 3611 458 3675 r,
470 3611 499 3673 e;
517 3567 581 3663 coe.
595 3611 620 3674 o,
632 3611 674 3664 41.
729 3609 775 3678 24]
793 3607 860 3678 cpn.
873 3611 899 3675 4,
911 3611 953 3664 ae.

196 3866 208 3918 1
230 3861 347 3930 disrrpit
366 3863 395 3916 D
457 3865 658 3930 aegrotantem
676 3863 707 3918 D
771 3865 787 3916 3
806 3860 930 3915 medicini
950 3863 986 3928 D,
1005 3879 1042 3916 oc
1061 3859 1157 3914 medici
1174 3863 1291 3917 scriben-

153 3976 238 4032 ruere
290 3973 581 4030 ominaomina
599 3975 628 4028 D
690 3941 846 4029 immicis
865 3975 894 4028 n
946 3939 1075 4042 aquiro
1127 3973 1244 4028 onom
1263 3975 1292 4028 D

154 4065 180 4118 11
202 4067 369 4130 egrotantem
390 4063 418 4116 D
484 4064 515 4116 12
535 4060 726 4130 egrcdudinem
746 4063 774 4116 D
826 4060 920 4130 egmtri
938 4061 968 4116 D
1030 4063 1063 4116 14
1081 4060 1135 4129 cui]
1155 4061 1200 4130 qui
1219 4063 1290 4132 Aup.

154 4153 184 4204 16
201 4147 349 4218 accipiodio
369 4149 397 4203 D
451 4151 482 4204 17
500 4165 592 4217 gemeo
611 4149 641 4202 1)
695 4151 726 4204 18
745 4164 837 4202 acusao
856 4149 885 4202 D
940 4151 971 4204 19
990 4149 1138 4216 oorregeD
1189 4151 1221 4204 21
1241 4148 1291 4216 hy-

151 4235 271 4304 poehrita
290 4236 319 4290 D
372 4235 441 4306 piace
461 4237 489 4290 D
541 4239 575 4291 22
594 4233 678 4288 trabis
691 4236 828 4305 Dehipoo
882 4235 968 4288 nutris
980 4235 1052 4306 Aup.
1106 4234 1190 4289 trahis
1208 4235 1289 4288 sed-
1382 4289 1388 4304 ‚

153 4322 183 4376 fir
199 4323 291 4376 odium
310 4324 339 4377 D
357 4325 398 4378 his
451 4325 484 4378 24
503 4323 582 4378 tit-D
634 4321 815 4378 251iuentem
834 4324 915 4392 Acp„
932 4321 1033 4376 libente
1051 4322 1080 4377 D
1141 4325 1174 4378 211
1193 4321 1289 4376 tollae

152 4415 177 4464 te
195 4411 302 4480 scripsi,
321 4409 406 4464 tollite
425 4411 454 4466 D
524 4413 595 4465 recte
613 4411 694 4482 nup,
714 4426 761 4474 nec
780 4413 806 4464 te
825 4410 854 4467 D
929 4409 1034 4466 21duo
1053 4411 1111 4466 D-
