3320 5140
364 499 476 554 XXXIV
813 501 1052 570 Prolegomens.

363 769 457 852 OAP.
475 769 519 850 11.
546 769 606 852 llll
628 769 789 853 ulvsul
812 769 1051 983 CODIOIBUg
1073 771 1123 854 IN
1145 771 1233 854 fluo
1256 771 1495 855 VOLUMINE

801 900 1018 984 lufllsslur
1051 969 1058 984 .

611 1103 650 1168 A.
673 1102 823 1169 FAVSTI
845 1103 900 1168 Du
924 1102 1088 1169 suarm
1111 1103 1242 1169 LIBRI.

405 1251 453 1316 De
475 1251 563 1316 libris
586 1252 709 1336 seriptis
732 1251 954 1335 impressisque
978 1251 1165 1334 disputaturi
1181 1270 1251 1315 eum
1268 1270 1433 1334 sequemur
1448 1270 1496 1316 or-

362 1357 478 1438 dinem,
506 1374 566 1439 quo
593 1358 625 1421 in
652 1356 711 1421 hoo
737 1357 896 1420 uolumine
924 1357 1048 1439 singula
1070 1356 1178 1420 Fausti
1207 1356 1322 1438 scripta
1349 1375 1416 1420 sese
1445 1376 1494 1420 er-

362 1461 487 1542 cipiunt.
522 1479 558 1524 ae
573 1460 669 1526 libros
686 1460 762 1524 duos
779 1459 816 1524 de
831 1462 932 1544 gratis
947 1479 1028 1524 unus
1045 1459 1150 1524 seruet
1172 1461 1285 1524 ooder
1299 1461 1493 1524 Parisinus

360 1565 504 1630 latinus
523 1564 777 1629 bibliothecae
798 1565 1001 1628 rationalis
1021 1584 1051 1650 p.
1067 1561 1153 1626 2166
1175 1563 1261 1647 (olim
1277 1561 1376 1650 4029)
1397 1584 1494 1628 mem-

360 1669 533 1734 branaceus
557 1687 636 1734 saec.
653 1669 758 1750 VIIII,
786 1669 928 1734 foliorum
951 1667 993 1731 69
1016 1669 1116 1734 forma
1144 1669 1311 1751 octonaria,
1339 1669 1393 1750 qui
1420 1670 1493 1733 olim

361 1779 428 1838 erat
458 1773 579 1839 Claudii
608 1774 740 1839 Puteani
769 1771 822 1857 (cf.
845 1775 897 1838 fol.
922 1773 952 1835 1¹
976 1774 1008 1837 in
1039 1773 1180 1858 margine
1210 1773 1379 1856 inferiore).
1422 1773 1493 1838 lolio

360 1879 460 1962 primo
476 1877 612 1961 praefixa
629 1883 677 1942 est
693 1877 886 1959 membrana,
903 1879 934 1942 in
948 1895 1009 1961 qua
1025 1896 1117 1942 uersa
1133 1881 1256 1942 exstent
1272 1878 1362 1942 haec:
1381 1887 1493 1939 contra

353 1980 475 2066 fauetis
494 1983 578 2044 huno
601 1981 735 2066 scripsit
759 1980 868 2045 beatus
885 1971 1075 2068 fulpentius
1098 1981 1268 2066 episcopus
1290 1981 1375 2044 sicul
1395 1981 1431 2043 in
1456 1981 1492 2043 li-

361 2084 442 2149 bello
473 2085 511 2148 de
541 2085 615 2149 nito
644 2085 752 2170 ipsius
764 2086 788 2170 ¹)
818 2086 1002 2148 continetur
1032 2085 1068 2147 in
1099 2085 1149 2147 liis
1179 2083 1299 2148 uerbis.
1344 2085 1394 2147 ita
1424 2095 1493 2148 erut

360 2200 455 2254 notus
478 2189 625 2253 omnibus
647 2188 794 2276 pentibus
817 2200 853 2253 ut
877 2189 941 2252 duo
966 2187 1047 2252 libri
1069 2209 1147 2274 puos
1162 2187 1304 2274 faustus
1327 2189 1493 2275 episcopus

359 2293 540 2381 palliarum
562 2303 675 2358 contro
697 2295 841 2380 protiom
862 2292 998 2357 subdolo
1020 2314 1159 2357 sermone
1182 2294 1350 2379 conposuit
1369 2293 1492 2377 fouens

359 2397 479 2463 occulte
505 2397 693 2485 pelopionis
723 2398 779 2462 sed
806 2396 984 2462 catholicus
1014 2409 1119 2462 tomen
1148 2395 1260 2461 uolens
1287 2396 1399 2460 uideri
1425 2420 1492 2460 ron-

359 2501 573 2588 stontinopott
593 2501 722 2588 offensis
738 2501 897 2589 plurimis
907 2501 1079 2590 fratribus
1095 2501 1141 2564 ad
1156 2501 1281 2565 beatum
1290 2501 1491 2588 sculpentium

355 2607 525 2694 probandi
554 2607 786 2694 diriperentur.
825 2605 942 2692 quibus
971 2629 1010 2670 ne
1040 2605 1197 2669 occultum
1224 2606 1322 2684 uirus
1351 2616 1493 2692 serperet

358 2721 476 2797 septem
508 2710 603 2774 libris
633 2712 703 2798 ipse
733 2711 902 2797 respondit
926 2710 1008 2798 plus
1037 2709 1189 2774 loborans
1217 2732 1372 2796 erpone-ro
1399 2732 1492 2796 quom

358 2816 504 2896 uincere,·
530 2816 609 2902 puio
637 2814 752 2879 dubios
778 2836 934 2879 sermones
961 2815 1031 2878 eius
1059 2835 1215 2900 esoponere
1242 2815 1298 2877 hoo
1320 2824 1391 2878 erot
1415 2813 1492 2877 deli-

358 2920 464 2983 rantis
495 2929 684 3007 orpumento
714 2920 918 3000 conuincere,·
947 2929 1039 2982 caute
1070 2919 1176 3005 ipitur
1208 2917 1357 3006 lupensius
1388 2928 1432 2982 est
1462 2928 1492 2980 et

325 3099 327 3103 ,
357 3024 567 3088 subtilissime
597 3024 837 3088 retractandus.
876 3024 988 3108 quibus
1019 3025 1138 3088 audiuit
1168 3041 1280 3088 manus
1312 3025 1423 3089 ultera:
1454 3045 1492 3086 em

358 3129 480 3192 decreto
510 3128 628 3216 petasii
653 3150 766 3215 popae
796 3127 890 3192 urbis
919 3150 1027 3191 romae
1054 3126 1139 3212 quod
1168 3149 1239 3190 cum
1265 3127 1356 3190 LXX
1382 3127 1491 3191 erudi-

359 3233 491 3296 tissimis
521 3233 679 3319 episcopis
709 3232 901 3319 conscripsit
932 3242 961 3295 et
982 3231 1146 3314 firmauit.
1167 3231 1171 3317 Ι
1196 3231 1354 3318 opusculo
1376 3231 1492 3317 fausti

358 3337 512 3424 repionsis
526 3336 709 3424 palliorum
724 3336 928 3424 apocrifost)
950 3336 1131 3422 pennodius
1147 3358 1225 3399 uero
1241 3337 1290 3398 ait
1305 3337 1492 3420 (sequuntur

358 3443 511 3508 Gennadii
524 3443 621 3507 uerba
637 3443 673 3505 de
686 3443 800 3506 Fausto
817 3442 944 3524 eiusque
960 3440 1046 3506 libris
1064 3441 1101 3504 de
1116 3441 1227 3525 gratia,
1244 3441 1281 3505 de
1297 3443 1354 3506 uir.
1368 3443 1410 3506 ill.
1424 3440 1490 3526 86).

357 3545 471 3609 uideat
494 3545 566 3632 puis
589 3567 680 3630 quem
697 3543 873 3632 praeferat
888 3555 917 3609 et
932 3545 1027 3608 cuius
1042 3545 1145 3631 mopis
1161 3545 1387 3608 auctoritatem
1400 3545 1491 3630 sequi

359 3649 468 3714 uocat
491 3660 520 3713 et
541 3659 655 3713 utrum
676 3651 725 3713 ito
741 3649 882 3736 faustus
901 3649 1020 3712 sentiat
1040 3649 1125 3711 sicut
1143 3647 1326 3734 pennodius
1342 3659 1490 3713 testatur.

357 3757 410 3820 tol.
430 3755 461 3816 1ῐ
486 3773 598 3819 manus
622 3756 720 3820 altera
747 3755 900 3820 ersrauit:
924 3753 1038 3840 fausti
1067 3752 1208 3840 repensis
1235 3749 1287 3840 e'pe
1316 3741 1400 3816 libri
1426 3753 1490 3844 otoo

359 3858 396 3921 cte
422 3858 544 3946 pratia,
575 3863 605 3922 ol
634 3859 744 3941 incipit
773 3860 907 3942 epistula
929 3859 1037 3922 Fausti
1065 3858 1102 3922 sd
1126 3858 1287 3940 Lucidum,
1318 3878 1411 3942 quarn
1439 3879 1491 3922 er-

358 3965 434 4046 eipit
449 3964 584 4046 epistula
599 3965 706 4028 Lucidi
723 3965 761 4028 ad
777 3965 929 4028 Faustum
953 3963 1004 4045 (ol.
1022 3963 1103 4027 infra
1117 3983 1146 4044 p.
1166 3962 1334 4026 161-168
1351 3969 1382 4028 et
1397 3983 1491 4046 supra

357 4088 387 4151 p.
407 4066 509 4152 XIII).
537 4069 589 4132 lol.
606 4067 639 4130 4Ι
656 4069 764 4151 incipit
778 4061 935 4151 prolo'gus,
958 4068 1010 4132 lol.
1027 4066 1061 4130 5¹¹
1085 4067 1222 4151 capitula
1243 4068 1315 4132 libri
1337 4068 1430 4152 primi
1452 4069 1489 4132 de

402 4275 421 4344 ¹)
440 4275 480 4330 Ol.
493 4273 620 4330 Ferrandi
634 4274 737 4330 diaconi
755 4275 812 4328 uita
829 4291 848 4328 s.
862 4273 997 4342 Fulgentii
1014 4274 1158 4344 Ruspensis
1177 4273 1290 4344 episcopi
1310 4273 1379 4343 opud
1390 4273 1488 4343 Migue,

357 4361 429 4414 Patr.
442 4360 488 4415 lst.
502 4351 572 4415 va
592 4363 648 4418 145.

392 4449 413 4517 ²)
431 4447 471 4503 cl.
492 4465 571 4518 supra
588 4465 613 4517 p.
627 4448 697 4502 XVI.
