3290 5152
519 493 743 564 Epistularum
760 493 815 550 lib.
828 493 857 548 11
874 495 985 554 52-54.
1256 494 1321 562 435

187 672 388 734 reserrentur·
422 670 461 734 ad
493 669 716 752 paenitentiam
751 673 782 734 ct
810 688 866 734 uos
896 691 951 753 per
981 671 1222 736 misericordiam
1252 689 1321 753 pcr-

187 773 321 838 uenistis
344 773 383 838 sd
402 773 537 855 ueniam,
561 773 642 838 sicut
657 773 730 838 dicit
744 774 910 858 scripture:
934 775 1019 857 quia
1041 775 1220 840 iudicium
1243 775 1321 838 sine

188 877 447 942 misericordia
470 879 541 942 erit
563 878 635 958 illi,
667 877 731 960 qui
760 896 831 943 non
857 878 991 944 fecerit
1017 878 1321 958 misericordiam,

189 981 276 1062 qnia,
314 981 367 1063 qui
401 981 489 1046 dixit:
528 979 711 1046 dimittite
745 985 781 1046 et
814 981 1026 1047 dimittetur
1059 983 1179 1064 nobie,
1215 981 1322 1066 procul

188 1084 291 1164 dubio,
315 1103 409 1166 quem
423 1084 535 1149 uiderit
549 1085 599 1149 hic
614 1085 726 1166 facere,
749 1085 831 1168 quod
853 1088 1018 1170 praecepit,
1041 1087 1073 1151 in
1095 1085 1200 1152 futuro
1224 1085 1252 1150 ei
1274 1105 1323 1150 re·
1361 1112 1374 1152 e

188 1188 309 1269 stituet,
339 1189 421 1270 quod
442 1189 596 1272 promisit.
642 1188 732 1253 nobis
760 1189 843 1254 enim
873 1189 956 1255 illius
980 1191 1094 1256 ueritas
1117 1194 1241 1274 praesto
1264 1193 1322 1271 est,

188 1294 215 1358 si
245 1293 292 1358 illi
321 1293 398 1359 fides
428 1297 536 1359 nostra
564 1311 626 1359 non
657 1293 746 1359 desit.
791 1295 873 1359 unde
905 1295 1161 1360 manifestissime
1192 1294 1322 1379 potestis

187 1398 350 1464 aduertere
372 1397 599 1464 absolutionem
622 1398 806 1463 miserorum
822 1401 998 1464 uestrorum
1015 1417 1083 1463 esse
1097 1399 1321 1483 indulgentiam

187 1505 387 1586 peccatorum
417 1506 450 1568 et
478 1503 537 1568 hoc
566 1503 680 1568 uestris
714 1503 936 1567 conferendum
968 1501 1120 1586 precibus
1155 1503 1237 1586 quod
1266 1521 1322 1567 nos

188 1607 356 1690 praestatis
373 1607 492 1689 olienis,
509 1607 595 1672 iuxta
609 1607 707 1691 ipsius
724 1607 754 1670 in
771 1607 933 1691 euangelio
954 1607 1156 1672 sententiam:
1179 1625 1248 1690 quo
1271 1607 1323 1671 iu·
1349 1631 1375 1672 ro

188 1711 286 1776 dicio
316 1709 593 1792 iudicaueritis,
624 1709 851 1775 iudicabitur
881 1710 923 1774 de
953 1709 1068 1776 uobis.
1114 1711 1244 1792 ideoque
1267 1729 1322 1794 pro

188 1813 269 1880 Urso
300 1818 332 1879 et
354 1815 451 1899 Lupo,
481 1815 534 1898 qui
564 1815 603 1880 sd
633 1834 684 1880 me
711 1816 799 1898 qnasi
826 1813 915 1879 nobis
938 1814 1136 1898 peculiarius,
1166 1815 1248 1879 sient
1270 1833 1323 1879 su-

187 1919 292 2003 perins
325 1917 397 2001 dixi,
431 1920 568 1984 caritatis
601 1919 668 1984 iure
701 1918 881 1984 deuinctum
914 1937 970 2004 pro
1000 1920 1165 1984 criminum
1195 1935 1322 1983 suorum

188 2021 409 2090 intercessione
432 2027 596 2106 uenerunt,
619 2027 760 2108 precator
775 2023 896 2105 accedo,
919 2026 956 2088 ut
969 2023 1106 2107 primum
1122 2022 1189 2104 dec,
1212 2022 1323 2088 deinde
1371 2085 1372 2088 ,

189 2125 278 2192 nobis
311 2127 383 2208 hoc,
417 2129 498 2210 quod
528 2128 766 2209 commiserunt,
800 2127 914 2193 donare
945 2127 1081 2212 digneris
1112 2145 1169 2192 nec
1198 2143 1255 2190 nos
1285 2125 1323 2190 de
1350 2151 1375 2192 rs

190 2249 296 2297 eornm
319 2231 517 2298 damnatione
539 2232 721 2314 confundas,
752 2232 805 2315 qni
827 2251 861 2297 se
882 2233 946 2296 iam
968 2235 1038 2296 tum
1061 2229 1221 2296 absolutos
1245 2249 1323 2312 esse,

190 2336 312 2419 quando
335 2336 373 2401 ad
396 2337 607 2402 humilitatem
629 2354 733 2402 meam
756 2336 881 2402 deducti
903 2339 988 2418 sunt,
1011 2336 1215 2401 crediderunt.

706 2561 807 2627 LIIII.

372 2722 516 2767 annicius
539 2722 705 2766 BPISGOPUS
728 2721 860 2766 BUS'HOO
882 2722 966 2765 FILIO
990 2722 1143 2764 SALUTEM.

234 2855 329 2921 Extra
359 2856 507 2922 affectum
536 2857 841 2922 consuetudinarium
873 2861 904 2922 et
933 2856 1098 2941 probatum
1126 2859 1158 2922 et
1180 2856 1325 2921 humani-
1352 2881 1379 2921 so

191 2962 290 3025 tatem
323 2960 412 3025 nobis
447 2961 585 3045 dignaris
619 2961 797 3045 inpendere,
832 2961 907 3026 dum
940 2960 1050 3026 usibus
1084 2961 1148 3025 tuis
1180 2960 1326 3041 denonis,

190 3064 273 3146 quod
302 3065 417 3129 nostris
446 3065 589 3150 largiaris
620 3066 773 3149 expensis,
807 3065 881 3147 quis
909 3082 1004 3148 puero
1035 3068 1140 3130 uestro
1172 3063 1327 3129 referente

191 3169 332 3252 cognoui,
353 3169 434 3252 qnod
456 3169 634 3252 piscationis
657 3170 689 3234 in
705 3169 817 3234 Uisera
837 3186 893 3252 pro
915 3172 1003 3251 parte
1026 3172 1132 3234 cestra
1153 3168 1243 3234 nobis
1263 3168 1327 3232 ius·

191 3290 277 3337 seras
307 3272 434 3338 delicias
465 3274 653 3339 ministrare.
704 3273 787 3338 unde
821 3273 1008 3338 salutatione
1042 3273 1179 3357 depensa
1211 3273 1326 3358 gratias

192 3393 251 3460 ago
279 3377 430 3460 plurimas
461 3395 590 3444 exorans
620 3378 759 3444 diuinam
783 3377 1037 3458 miscricordiam,
1066 3381 1103 3443 ut
1123 3395 1178 3462 pro
1201 3378 1326 3457 honore,
1353 3401 1379 3444 se

191 3499 285 3562 quem
309 3479 397 3546 nobis
417 3499 472 3564 pro
487 3483 584 3566 ipsius
599 3482 709 3547 timore
725 3481 910 3566 dependitis,
933 3485 965 3546 et
979 3481 1190 3565 praesentium
1207 3481 1326 3546 dierum

192 3583 282 3650 uobis
313 3586 451 3650 conferat
480 3585 661 3650 felicitatem
691 3590 723 3650 et
751 3585 977 3651 beatitudinem
1000 3585 1118 3652 tribuat
1140 3583 1325 3650 futurorum.

294 3747 323 3817 2]
342 3747 394 3803 lec.
407 3751 433 3813 2,
448 3750 488 3804 13.
541 3748 570 3818 4]
588 3747 652 3803 Luc.
665 3751 690 3814 6,
703 3749 744 3805 37.
799 3749 843 3819 10]
862 3749 958 3804 natu.
972 3751 997 3814 7,
1008 3751 1033 3804 2.

235 3911 411 3971 ricuinus
472 3911 547 3970 3illi
565 3913 653 3970 oms
714 3914 796 3983 equi
814 3913 903 3971 omo
965 3913 1156 3970 dimittiturs
1217 3915 1326 3982 5prse-

190 4001 295 4070 cipite
363 4001 528 4058 restituito
594 4001 768 4070 dptestoS
835 3999 1059 4070 9praecibusS
1110 4002 1143 4056 10
1160 4000 1329 4069 prestetisS

192 4091 224 4144 11
247 4085 343 4156 ideque
365 4088 394 4156 S,
416 4085 539 4156 idemque
561 4105 585 4156 o,
608 4089 671 4158 fort.
690 4094 765 4153 rede,
782 4090 816 4158 ef.
831 4105 860 4158 p.
878 4091 984 4156 437,13
1037 4089 1070 4143 14
1087 4085 1287 4142 intercessiones
1305 4087 1329 4143 S

191 4175 226 4230 16
248 4174 493 4231 damnationemS
559 4171 744 4231 absolutus&
810 4176 845 4230 23
868 4174 1008 4231 uiscerso
1077 4171 1126 4228 ms
1150 4175 1179 4243 S,
1201 4173 1327 4230 Viserso

189 4261 226 4316 24
244 4260 383 4318 diliciasS
432 4260 578 4316 ministrari
592 4261 644 4318 Kr.
697 4261 923 4332 repraesentem
936 4260 1040 4316 diemm
1052 4261 1114 4331 Koa,
1132 4261 1326 4332 presentiarum

191 4347 223 4417 8,
239 4347 418 4418 prementium
436 4363 526 4403 rerum
543 4365 567 4412 o,
584 4347 763 4418 praesentium
782 4349 965 4404 Momorsmo
1031 4349 1065 4404 di
1085 4347 1248 4418 futurorum]
1266 4347 1328 4402 finit

188 4435 255 4492 add.
274 4436 299 4493 H

1120 4523 1171 4575 28*
