3222 5144
586 533 651 589 IIII.
672 533 781 589 Sermo
801 537 876 591 1-·2.
1235 537 1297 602 227

160 709 234 792 quia
263 727 325 774 non
354 709 408 792 qui
434 711 581 793 coeperit,
613 711 667 774 sed
694 712 746 794 qui
777 713 1025 795 perseuerauerit
1055 714 1087 778 in
1118 733 1223 780 amore
1251 715 1301 779 dei

159 831 259 896 usque
289 814 321 878 in
351 813 462 896 linem,
492 815 543 880 hio
574 817 681 880 saluus
713 817 780 881 erit.
839 817 890 899 qui
919 836 994 883 uero
1025 819 1063 882 ad
1094 819 1300 902 elimosynam

159 919 265 983 tardos
289 923 320 984 et
343 919 381 983 ad
403 919 596 984 iracundiam
619 925 781 1004 promptos
805 924 836 986 et
858 923 896 986 ad
920 924 1123 988 exercendam
1146 923 1300 988 luxuriam

159 1023 348 1106 praecipites
371 1042 439 1088 esse
463 1043 496 1088 se
519 1027 723 1109 cognoscunt,
753 1026 920 1091 auxiliante
943 1027 1068 1091 domino
1095 1028 1246 1092 festinent
1269 1047 1302 1092 se

160 1128 286 1192 amalis
303 1147 420 1209 eruere,
444 1132 489 1209 ut,
512 1147 592 1212 quae
608 1129 690 1194 bona
706 1133 791 1210 sunt,
816 1135 995 1195 mereantur
1010 1131 1138 1215 inplere,
1161 1137 1205 1212 ut,
1229 1151 1301 1196 oum
1329 1157 1342 1197 s

161 1231 227 1296 dies
251 1232 356 1297 iudicii
380 1232 551 1314 aduenerit,
576 1251 637 1297 non
657 1251 729 1298 oum
752 1234 857 1318 impiis
881 1239 913 1299 et
934 1235 1147 1318 peccatoribus
1170 1237 1304 1318 punian-

160 1340 223 1416 tur,
244 1337 299 1402 sed
315 1355 388 1402 cum
405 1337 496 1402 iustis
517 1341 548 1402 et
567 1337 818 1403 misericordibus
833 1340 996 1422 peruenire
1012 1340 1051 1404 ad
1071 1344 1197 1405 aeterna
1216 1359 1304 1423 prae·

162 1442 226 1506 mia
249 1445 428 1506 mereantur
450 1445 630 1524 praestante
654 1443 778 1507 domino
801 1447 908 1508 nostro
931 1444 1004 1508 Iesu
1024 1443 1160 1526 Christo,
1184 1445 1233 1509 cui
1257 1449 1305 1508 est

163 1545 263 1611 bonor
279 1551 311 1610 et
332 1546 432 1630 gloria
454 1547 486 1610 in
509 1547 634 1610 saecula
650 1547 855 1612 sacculorum.
880 1548 993 1613 Amen.

538 1917 640 1960 SERHO
663 1919 706 1959 nn
729 1917 930 1960 manturanum.
1050 1883 1051 1886 Ἴ

209 2067 359 2153 Legimus
383 2073 415 2133 et
437 2069 570 2134 fideliter
592 2069 774 2149 retinemus,
802 2069 882 2151 quod
906 2067 964 2133 sub
988 2069 1055 2152 ipso
1078 2070 1229 2152 principio
1253 2088 1308 2134 na-

166 2174 285 2238 scentis
308 2173 416 2238 mundi
438 2173 471 2238 in
493 2173 594 2257 primo
618 2173 744 2238 homine
767 2173 874 2237 lecerit
897 2191 953 2238 nos
977 2172 1053 2237 deus
1077 2173 1114 2237 ad
1138 2175 1307 2257 imaginem

166 2281 201 2340 et
228 2277 468 2342 similitudinem
495 2295 595 2342 suam.
642 2295 712 2342 ecoe
740 2278 772 2342 in
799 2277 857 2342 hac
885 2277 934 2341 die
962 2280 1085 2342 mutata
1112 2277 1180 2341 uice
1207 2277 1308 2341 lactus

166 2383 218 2445 est
240 2381 315 2446 deus
339 2382 377 2446 ad
401 2381 636 2448 similitudinem
659 2385 808 2446 nostram.
840 2381 871 2445 in
895 2381 1005 2465 primis
1029 2381 1067 2444 de
1091 2381 1156 2444 suis
1179 2381 1309 2445 meliora
1338 2405 1361 2446 u

166 2485 311 2566 contulit,
338 2485 371 2550 in
399 2486 542 2551 secundis
567 2486 604 2550 de
627 2487 742 2551 nostris
770 2486 918 2550 interiora
938 2485 1084 2569 suscepit.
1131 2504 1185 2568 per
1213 2485 1309 2550 inter·-

167 2589 272 2654 dictae
288 2590 406 2655 arboris
428 2595 558 2675 gustum
578 2591 671 2675 primi
687 2591 829 2656 'hominis
849 2591 975 2654 incanta
997 2589 1152 2673 fragilitas
1175 2593 1311 2672 tempta·

168 2694 219 2758 uit
240 2693 385 2778 adpetere
413 2695 582 2760 ambitione
605 2694 776 2760 damnabili
803 2695 920 2758 domini
948 2694 997 2758 sui
1020 2693 1212 2757 diuinitatem
1242 2712 1312 2776 per-

169 2797 323 2862 suadente
347 2798 470 2864 diabolo
494 2803 525 2864 et
547 2800 684 2864 dicente:
717 2799 749 2862 si
772 2798 813 2862 de
837 2798 938 2882 ligno
961 2797 1029 2862 hoc
1051 2797 1311 2881 gustaueritis‚

168 2901 390 2984 aperientur
411 2905 509 2968 oculi
532 2905 651 2968 uestri
673 2907 708 2967 et
731 2903 838 2967 eritis
862 2902 961 2966 sicut
984 2901 1044 2966 dii.
1069 2901 1199 2982 ideoque
1216 2917 1311 2983 agno·
1338 2927 1363 2966 eo

170 3023 299 3072 scamus
330 3007 373 3092 pii
403 3009 501 3092 patris
529 3008 745 3074 admirabilem
775 3007 959 3071 bonitatem.
1004 3005 1097 3070 homo
1128 3005 1313 3070 sollicitante

172 3111 301 3176 inimico
330 3111 407 3176 deus
435 3131 504 3177 esse
532 3113 631 3177 noluit
658 3111 917 3195 persuperbiam
941 3109 1039 3193 [eins]
1064 3109 1194 3174 atdans
1220 3108 1314 3173 homo

173 3215 276 3280 factus
294 3221 343 3281 est
365 3235 420 3300 per
443 3216 696 3282 misericordiam.
735 3217 903 3280 innonatur
926 3215 958 3278 in
981 3213 1070 3280 nobis
1086 3213 1315 3296 quodammodo

174 3319 268 3385 hodie
290 3339 346 3404 per
362 3319 479 3387 Christi
494 3321 692 3387 diuinitatem
708 3319 826 3404 species
850 3319 933 3384 illius
951 3319 1070 3401 antiqui
1087 3323 1117 3382 et
1140 3317 1315 3400 incipientis

176 3425 304 3506 sacculi,
329 3425 452 3507 qnando
475 3425 596 3508 primus
619 3425 722 3490 Adam
746 3424 784 3488 de
807 3423 874 3488 limi
897 3423 1030 3488 materia
1051 3421 1212 3506 figuratur.
1245 3439 1317 3485 ecce
1343 3447 1369 3486 a

284 3606 310 3676 1]
329 3606 424 3661 Matth.
440 3609 480 3672 10,
493 3609 535 3664 22.
591 3607 635 3676 19]
653 3605 719 3662 Gen.
733 3607 757 3670 3,
770 3609 794 3662 5.

224 3763 302 3832 lqui
318 3779 453 3834 cupmcr.
471 3764 502 3819 D
565 3763 680 3832 caeperit
697 3779 730 3818 eoo
748 3761 834 3830 caepit
852 3761 882 3816 D
941 3758 1126 3830 delymosinc
1143 3759 1172 3814 D
1232 3757 1318 3815 Bira-

175 3851 286 3906 cuneda
307 3851 338 3906 D
406 3853 547 3922 promptos
570 3851 600 3905 D
669 3847 773 3903 luxorii
793 3849 823 3904 D
892 3849 961 3902 lse
980 3853 1044 3917 post
1062 3861 1117 3900 esse
1135 3863 1270 3916 suprascr.
1290 3845 1319 3899 D

175 3941 275 4007 ὅπως
293 3939 331 4006 D,
349 3939 460 4008 atquae
478 3939 556 3994 Man.
618 3937 749 3992 laterna
766 3935 841 4006 pmii
860 3935 890 3990 D
950 3935 1120 4002 8preetante
1139 3933 1169 3988 D
1232 3935 1261 3988 ll
1282 3930 1321 3985 ite

176 4024 277 4094 incipit
297 4023 393 4080 omelia
414 4023 525 4078 faustini
548 4022 580 4078 de
603 4023 746 4078 natiuitate
764 4023 807 4090 D,·
823 4023 867 4078 bic
884 4037 969 4076 omno
992 4025 1079 4074 exstat
1096 4019 1167 4074 inter
1187 4035 1321 4074 moues

177 4139 332 4208 numano·
343 4137 444 4195 dobba
455 4137 507 4194 CX
512 4137 607 4194 VIIII
620 4137 674 4205 (39,
686 4139 756 4190 1982
767 4135 819 4200 Μ.)
873 4135 905 4188 12
923 4131 1079 4202 princicipio
1096 4131 1127 4186 D
1180 4133 1212 4188 ll
1230 4130 1279 4184 hcc
1293 4131 1322 4185 D

179 4229 284 4280 motata
301 4225 332 4280 D
383 4227 416 4281 16
434 4223 560 4280 contullit
572 4224 602 4279 D
648 4223 759 4292 suscipit
771 4223 801 4277 D
848 4223 880 4276 17
894 4217 1036 4288 lragillltas
1049 4218 1079 4273 D
1127 4221 1159 4274 19
1173 4215 1280 4271 diabulo
1294 4217 1323 4270 D

177 4315 215 4370 22
227 4311 350 4380 inimicos
363 4313 394 4368 D
440 4311 497 4366 eius
508 4313 586 4368 uode
597 4311 706 4380 inoleat,
717 4325 853 4379 eaprosct
867 4307 904 4376 D,
917 4325 968 4363 om.
979 4307 1050 4376 Aac.
1092 4309 1118 4358 et
1131 4321 1237 4360 nusum
1250 4305 1281 4358 ia
1293 4303 1323 4357 D

178 4405 209 4454 et
225 4405 289 4456 onte
306 4399 387 4454 horno
404 4399 484 4456 addit
502 4399 532 4454 D
595 4400 629 4454 28
646 4395 769 4464 innobilis
788 4397 818 4451 D
835 4393 872 4458 (li
889 4395 1006 4460 emm)
1071 4389 1275 4460 quoddammodo
1294 4390 1324 4444 D

178 4489 215 4545 25
234 4486 269 4540 ed
287 4483 367 4541 adom
385 4485 415 4542 D
467 4485 560 4540 delimi
578 4483 693 4554 matyrio
711 4485 741 4539 D
1154 4563 1167 4594 e
