3222 5144
280 467 344 532 238
705 465 763 520 mr
788 467 898 519 Sermo
915 471 992 520 t-s.

281 645 498 728 praesenribus
521 664 617 722 esses,
640 645 698 707 hoe
720 645 788 706 siue
810 643 905 706 dubio
927 644 1144 727 responderes:
1177 663 1234 726 pro
1257 664 1309 708 me
1330 649 1415 709 stans

280 751 377 826 oraui,
401 750 473 829 quia
495 767 551 831 pro
574 767 635 826 me,
661 749 714 830 qui
735 756 819 812 reete
840 748 899 811 deo
921 749 1049 828 seruiui,
1071 749 1104 813 iu
1126 749 1243 812 crudo
1265 755 1297 813 et
1320 750 1415 833 impe-

281 853 392 917 trando
408 873 469 917 non
485 853 635 932 laboraui,
657 855 740 935 quia,
762 854 816 935 qui
830 870 887 934 pro
906 853 989 916 iusto
1003 860 1082 921 ont
1104 871 1167 917 non
1188 853 1322 918 laborat
1351 855 1416 918 ideo

282 973 369 1020 stans
391 975 448 1039 pro
470 977 505 1020 se
527 959 638 1021 orauit
684 957 757 1021 inde
778 970 910 1021 uentum
933 970 993 1036 est,
1023 964 1058 1021 ut
1080 970 1183 1022 oraret
1205 977 1262 1040 pro
1286 957 1416 1038 Iudaeis,

241 1087 256 1126 s
281 1081 337 1145 pro
365 1063 615 1126 intertectoribus
638 1062 763 1142 Christi
790 1081 846 1146 pro
872 1062 1124 1126 interiecton'ous
1145 1069 1338 1142 sauctorum,
1363 1081 1416 1146 pro

281 1167 505 1250 lapidatoribus
528 1167 604 1230 suis.
639 1168 712 1249 quia
734 1167 875 1231 adtendit
898 1167 1027 1230 nimiam
1050 1178 1082 1230 et
1105 1184 1254 1251 maguam
1276 1185 1346 1230 esse
1359 1167 1416 1230 im·

281 1273 431 1354 pietatem
454 1273 603 1355 ipsorum,
626 1291 706 1354 quae
729 1272 853 1336 difficile
875 1272 983 1335 donari
1005 1273 1114 1355 possit,
1136 1291 1220 1354 geuu
1242 1270 1335 1336 flexit

325 1376 490 1440 Imitemur
516 1395 600 1460 ergo,
630 1378 740 1440 tratres
768 1377 974 1454 dilectissimi,
1006 1377 1057 1439 uel
1084 1377 1117 1440 in
1143 1382 1298 1458 quantum
1324 1375 1417 1438 doua-

282 1481 362 1544 uerit
389 1480 476 1560 deus,
504 1479 632 1544 beatum
655 1479 864 1562 Stephanum,
893 1481 1061 1564 diligamus
1088 1498 1150 1544 uon
1177 1480 1281 1544 solum
1302 1480 1416 1544 amieos

231 1611 256 1648 m
282 1585 336 1648 sed
364 1586 459 1649 etiam
481 1585 634 1664 inimicos,
661 1586 734 1667 quia
756 1585 833 1649 uihd
860 1594 920 1664 est,
947 1584 1030 1648 uude
1056 1585 1101 1648 sie
1127 1592 1158 1648 et
1184 1594 1314 1666 peccata
1339 1582 1418 1647 redi·

282 1709 367 1754 mere
390 1697 421 1754 et
444 1691 604 1754 diabolum
626 1691 752 1754 uincere
774 1695 805 1753 et
828 1689 923 1754 deum
945 1689 1070 1772 placare
1091 1689 1260 1774 posm‘mus.
1287 1689 1417 1770 denique

283 1795 327 1858 sie
350 1795 416 1878 ipse
439 1795 583 1858 domiuus
606 1795 697 1858 dixit:
734 1794 820 1858 date
847 1799 884 1857 et
911 1792 1062 1857 debitur
1088 1793 1211 1872 uobis,
1238 1793 1416 1857 dimittite

283 1905 319 1963 et
345 1898 561 1963 dimittetur
589 1898 711 1978 uobis,
742 1905 772 1963 et
796 1900 926 1962 iterum:
957 1899 988 1962 si
1014 1898 1238 1962 dimiseritis
1265 1896 1417 1962 homiui·

283 2003 350 2066 hus
383 2008 539 2085 peecata
569 2021 710 2082 eorum,
744 2003 914 2068 dimittet
943 2008 978 2066 et
1011 2001 1118 2068 uobis
1151 2007 1261 2086 pater
1293 2003 1417 2064 uester

232 2132 257 2172 rs
283 2109 461 2172 caelestis
488 2108 627 2172 delicta
656 2114 784 2172 uestra
814 2115 848 2172 et
875 2113 1011 2172 cetera
1056 2107 1171 2186 uidete,
1204 2107 1328 2185 dutres,
1360 2105 1418 2168 mi-

283 2212 483 2276 sericordiam
505 2212 624 2276 domini
647 2214 755 2276 nostri.
783 2215 815 2276 in
842 2217 998 2295 potestate
1021 2217 1128 2276 uostn
1148 2212 1262 2293 posuit,
1289 2209 1418 2292 qualiter

283 2317 314 2380 in
338 2317 387 2380 die
410 2317 513 2381 iudicii
536 2317 754 2381 iudicaremur.
795 2317 824 2381 si
845 2317 1051 2396 dimittamus,
1073 2316 1249 2380 dimittetur
1271 2313 1369 2392 nobie,
1392 2313 1419 2376 si

284 2439 345 2486 nou
369 2421 574 2500 dimittamus,
597 2439 659 2485 nou
683 2421 859 2485 dimittetur
881 2420 981 2484 uobis.
1011 2421 1180 2504 diligamus
1202 2437 1286 2503 ergo,
1309 2419 1418 2482 tratres

284 2525 490 2606 dilectissimi,
513 2543 575 2590 nou
591 2526 694 2590 solum
714 2527 830 2590 amieos
846 2525 900 2589 sed
916 2525 1011 2588 etium
1034 2524 1188 2603 inimicos,
1210 2529 1245 2587 ut
1261 2523 1300 2586 ed
1322 2519 1420 2586 urtu-

231 2655 258 2693 ιο
284 2631 336 2694 nul
358 2631 468 2694 iudicis
493 2631 612 2694 aeterni
638 2649 711 2694 cum
734 2648 843 2694 secura
865 2629 1055 2694 couscientia
1081 2629 1246 2693 ueniamus
1269 2627 1419 2691 dicentes:

284 2735 334 2814 da,
357 2735 491 2814 domine,
514 2735 588 2816 quia
610 2734 763 2812 dedimus,
785 2734 918 2814 dimitte,
941 2733 1015 2816 quia
1036 2733 1224 2798 dimisimus.
1268 2749 1324 2796 uos
1346 2730 1420 2794 ieci-

285 2858 366 2920 mus,
389 2840 470 2921 quod
493 2839 623 2920 iussisti,
646 2843 681 2903 tu
703 2839 809 2922 imple,
832 2839 914 2922 quod
935 2838 1115 2921 promisisti,
1138 2837 1222 2920 quod
1243 2837 1310 2920 ipse
1332 2851 1421 2918 prae-

285 2943 391 3024 stabit,
420 2943 474 3026 qui
501 2961 572 3008 oum
599 2947 687 3026 patre
714 2943 794 3008 uiuit
820 2947 852 3007 et
878 2947 989 3027 regnat
1014 2961 1087 3006 cum
1114 2941 1226 3024 spiritu
1253 2943 1360 3004 sancto
1385 2938 1420 3002 in

285 3047 411 3112 saecula
433 3049 638 3112 saeculorum.
663 3049 777 3112 Amen.

233 3229 259 3270 2⁵
834 3205 872 3269 V.

493 3349 595 3391 83810
618 3351 649 3391 nt
671 3350 789 3391 ΝΔΤΔΙΔ
812 3349 973 3391 mauruli
994 3347 1216 3390 ntrtocmmu.

329 3465 440 3547 Hodie,
463 3467 576 3531 fratres
591 3467 756 3548 carissimi,
780 3468 917 3532 natalem
940 3467 1065 3532 illorum
1087 3465 1257 3530 infantium
1279 3465 1422 3546 colimus

285 3588 362 3652 quos
385 3570 425 3635 ab
441 3571 563 3635 Herode
586 3589 658 3654 rege
680 3571 859 3636 interiectos
882 3589 950 3635 esse
973 3570 1127 3654 euangelii
1149 3573 1254 3634 textus
1275 3569 1420 3650 loquitur.

390 3742 434 3812 12]
453 3741 516 3798 Luc.
528 3745 553 3808 6,
566 3745 608 3801 38.
620 3746 662 3800 37.
717 3745 761 3815 13]
780 3745 875 3799 Matth.
887 3747 912 3808 6,
927 3746 966 3799 14.

331 3903 479 3970 lsortueae
501 3901 528 3955 in
551 3900 734 3971 praesentibus
756 3901 926 3957 seueram
993 3898 1113 3954 diudeis
1131 3899 1161 3954 D
1229 3894 1424 3967 dquitddten·

287 3985 328 4040 dit
346 3987 375 4041 D
436 3991 521 4057 'tque
540 3987 642 4042 deficile
661 3990 690 4043 D
750 3988 929 4045 8emitamur
946 3985 976 4040 D
1031 3989 1064 4042 10
1082 3985 1215 4040 redemere
1232 3986 1262 4040 D
1315 3987 1344 4040 ll
1365 3981 1425 4036 dia—

287 4071 352 4126 bulu
372 4074 402 4128 D
464 4077 495 4130 12
518 4075 628 4129 demitte
650 4076 681 4129 D
742 4077 774 4131 13
793 4073 950 4128 demittetur
968 4073 997 4128 D
1058 4071 1216 4126 demiseritis
1234 4073 1264 4125 D
1325 4073 1357 4126 tt
1375 4068 1424 4122 de·

288 4160 379 4214 mittet
401 4160 430 4215 D
500 4163 532 4216 17
550 4161 725 4216 demittamne
746 4161 904 4216 demittetur
925 4161 955 4216 D
975 4167 1089 4230 utroque
1111 4159 1168 4214 loco
1237 4159 1272 4213 20
1292 4156 1374 4210 eterni
1391 4157 1425 4211 D

287 4249 319 4304 21
335 4245 445 4302 demitte
458 4248 487 4302 D
539 4248 695 4303 demisimus
707 4250 736 4304 D
788 4251 823 4303 26
840 4247 936 4317 incipit
947 4262 1033 4301 sermo
1045 4244 1087 4300 iirt
1099 4243 1205 4300 infanti
1222 4243 1301 4299 illorti
1319 4242 1424 4298 disocu-

289 4333 338 4388 dur
355 4335 430 4402 (aim)
447 4335 490 4403 D,·
506 4341 593 4392 astat
610 4338 654 4392 hic
670 4353 756 4393 mmo
773 4337 844 4391 inter
869 4335 966 4390 dubios
989 4335 1140 4404 Aupurtini
1161 4348 1294 4388 moues
1314 4330 1425 4386 CCXX

287 4423 342 4492 (39,
358 4427 430 4480 2152
447 4423 499 4490 Μ.)
551 4424 586 4479 28
603 4423 680 4478 erode
699 4423 729 4478 D
779 4421 929 4494 euuangelii
951 4422 981 4476 D
