3222 5144
588 489 651 546 1111.
671 493 780 548 Sol-mo
798 495 908 551 20-21.
1251 499 1314 564 305

175 669 229 750 qui
251 686 307 751 pro
329 669 398 731 lucc
422 667 578 748 tenebras,
609 689 664 752 pro
687 671 882 754 benignitate
906 673 1070 753 malitiam,
1101 675 1154 756 qui
1180 695 1236 759 pro
1264 696 1313 741 so-

175 773 307 837 brietate
338 772 531 854 ebrietatem,
566 792 621 856 pro
652 776 832 858 elimosynis
863 779 1078 859 rapacitatem,
1112 797 1167 860 pro
1197 781 1314 845 iustitia

174 877 374 959 iniquitatem
397 879 544 942 restituit.

219 981 277 1061 Qui
301 1001 374 1066 ergo
397 983 475 1046 haec
498 984 582 1047 mala
604 985 771 1049 adiuuante
794 986 919 1050 domino
940 991 1047 1051 nostro
1065 987 1155 1074 (non)
1175 989 1312 1070 admisit,

173 1105 306 1150 munera
328 1087 360 1150 in
384 1105 427 1166 se,
451 1093 604 1169 quantum
627 1093 740 1172 potest,
764 1090 870 1154 diuina
892 1092 1056 1156 custodiat.
1095 1094 1148 1174 qui
1169 1111 1242 1157 uero
1262 1095 1311 1158 his
1339 1129 1352 1168 s
1405 1141 1419 1202 ,

175 1192 267 1255 malis
302 1211 335 1255 se
371 1193 468 1256 sentit
503 1192 670 1257 obnoxium
705 1199 737 1258 ot
766 1195 923 1278 intellegit
952 1197 1145 1276 obuolutum,
1181 1198 1243 1262 cito
1274 1199 1311 1262 ad

171 1297 382 1378 paenitentiae
417 1297 647 1361 medicamenta
680 1304 819 1362 recurrat
849 1303 889 1380 ot,
924 1305 1093 1382 antequam
1124 1303 1229 1366 anima
1258 1303 1313 1367 illa

172 1401 341 1464 tenebrosa
364 1401 400 1464 de
424 1419 550 1484 corpore
574 1403 681 1466 mortis
706 1422 780 1467 suae
803 1405 952 1484 discedat,
976 1406 1166 1489 elimosynis,
1189 1407 1311 1471 ieiuniis

172 1509 206 1568 et
229 1505 419 1570 orationibus
442 1507 616 1570 remedium
640 1507 700 1571 sibi
721 1509 754 1571 in
777 1509 825 1572 die
850 1510 1044 1574 necessitatis
1075 1511 1227 1592 adquirat.
1266 1513 1312 1576 sic

172 1629 247 1693 ergo
279 1629 419 1694 agamus,
451 1613 573 1693 fratres,
604 1616 640 1676 ut
670 1617 742 1677 anto
773 1613 910 1678 tribunal
935 1614 1051 1679 Christi
1083 1620 1124 1696 et,
1154 1617 1207 1698 qui
1235 1616 1309 1680 boni
1339 1653 1363 1689 ,ο

172 1719 258 1794 sunt,
279 1734 434 1795 coronam,
454 1717 500 1799 <et
516 1717 582 1800 qui>
597 1718 799 1801 neglegentes
820 1707 902 1798 sunt,
923 1721 1047 1783 neniam
1068 1725 1308 1801 consequantur.

697 1946 783 2009 XXI.

551 2108 599 2172 Du
615 2107 735 2148 SANOTO
758 2107 870 2148 loaurlt
895 2110 926 2150 ll.

215 2241 262 2305 Do
291 2241 384 2306 beato
415 2241 517 2322 Iacob,
547 2244 659 2307 fratres
690 2245 858 2324 carissimi,
889 2249 921 2308 et
950 2245 981 2308 in
1012 2249 1119 2310 sancto
1151 2245 1212 2310 filio
1243 2248 1308 2311 eius

171 2345 296 2428 loseph,
320 2347 372 2427 qni
395 2347 561 2430 diligenter
583 2349 734 2428 adtendit,
762 2368 828 2412 rem
853 2349 945 2412 nimis
970 2349 1185 2414 admirabilem
1210 2352 1309 2415 domi·
1337 2381 1361 2419 rs

172 2469 247 2514 num
271 2451 381 2514 fecisse
404 2453 630 2534 cognoscimus
669 2453 806 2534 primum
823 2472 884 2517 non
901 2454 991 2518 eredo
1007 2455 1104 2518 fuisse
1121 2455 1188 2518 sine
1203 2473 1308 2535 eausa,

171 2557 253 2638 quod
276 2558 363 2638 dous,
387 2559 439 2639 qui
461 2578 494 2621 se
511 2559 623 2622 totiens
640 2559 785 2641 dignatus
801 2559 903 2623 fuerat
919 2546 1081 2623 ostendere
1097 2559 1189 2624 beato
1206 2560 1308 2640 Iacob,

172 2681 227 2744 per
250 2665 297 2725 tot
320 2681 418 2726 annos
442 2663 542 2726 noluit
564 2663 710 2743 iudicare,
742 2664 823 2744 qnod
846 2663 960 2746 Ioseph
984 2662 1066 2727 lilius
1091 2664 1156 2726 eius
1179 2665 1308 2744 uiueret,

171 2767 226 2830 sed
249 2767 392 2849 permisit
415 2785 486 2830 eum
510 2767 604 2850 longa
627 2767 798 2831 deiectione
822 2768 972 2831 consumi.
1012 2769 1039 2830 si
1062 2768 1228 2850 quisquam
1251 2769 1309 2832 hoo

171 2872 238 2934 sine
262 2875 346 2935 certa
368 2871 488 2935 ratione
511 2875 542 2934 st
565 2871 702 2935 euidenti
725 2873 842 2935 lactum
867 2891 935 2936 osse
958 2872 1073 2951 credat,
1096 2872 1146 2935 uel
1162 2873 1221 2936 hoc
1236 2891 1310 2936 con·
1336 2899 1362 2936 sc

171 2975 295 3054 sideret,
326 2975 407 3057 quod
438 2993 496 3039 nec
526 2975 608 3039 lilius
639 2977 706 3038 eius
730 2975 843 3058 Ioseph
870 2977 901 3039 in
930 2979 995 3038 tam
1022 2977 1160 3058 proximo
1187 2977 1307 3058 positus

171 3080 341 3161 permissus
365 3081 406 3143 sit
428 3080 552 3143 mittere
576 3080 614 3143 ad
636 3083 760 3162 patrem
775 3097 878 3160 suum,
901 3083 937 3143 nt
953 3080 980 3142 ei
996 3081 1202 3161 adnuntiaret,
1226 3081 1309 3162 quod

171 3201 232 3248 non
256 3184 358 3247 solum
381 3185 511 3263 uiueret,
542 3184 598 3247 sed
621 3184 715 3248 etiam
740 3185 771 3248 in
793 3184 904 3268 grandi
927 3185 1044 3248 honore
1066 3185 1186 3267 positus
1215 3189 1307 3248 osset.

170 3287 209 3351 ab
232 3288 286 3352 illo
309 3289 394 3351 enim
417 3288 494 3368 loco,
518 3289 571 3352 ubi
594 3292 661 3352 erat
682 3287 794 3352 beatus
817 3287 922 3369 Iacob,
950 3307 1049 3371 usque
1072 3289 1103 3352 in
1126 3288 1306 3372 Aegyptum

171 3393 219 3456 uix
251 3397 339 3457 erant
367 3395 507 3458 trecenta
533 3393 630 3472 milia,
661 3394 742 3457 uude
769 3393 1021 3474 frequentissime
1050 3413 1085 3456 ex
1109 3393 1252 3476 Aegypto
1275 3395 1306 3457 in
1335 3419 1359 3458 ss

170 3497 245 3561 loeis
267 3497 339 3578 illis,
362 3497 416 3562 ubi
440 3501 506 3562 erat
521 3497 625 3578 Iacob,
648 3497 774 3581 plurimi
797 3497 1014 3580 properabant.
1054 3517 1090 3560 cx
1109 3499 1161 3562 illo
1181 3499 1248 3561 loco
1269 3499 1306 3562 ad

211 3731 387 3788 labritatem
406 3731 435 3786 D
496 3731 650 3801 elymosinis
668 3733 697 3788 D
758 3730 890 3785 iustitiam
909 3731 938 3786 D
1001 3731 1308 3800 lnonnup.,0m.1)

169 3845 377 3900 sensatico
429 3811 593 3900 lmediffrts
610 3845 640 3899 D
692 3843 866 3902 8disoendst
884 3845 913 3900 D
970 3843 1123 3912 elymosinis
1141 3845 1171 3898 D
1229 3846 1259 3898 ll
1279 3846 1307 3897 ct

168 3933 213 4000 qui
231 3934 313 4003 nup,
331 3951 382 3989 om.
401 3932 431 3987 D
484 3931 691 4000 consequantur]
710 3934 741 3985 ut
759 3930 819 3984 illos
837 3933 913 3984 ornet
930 3930 987 3984 uita
1005 3930 1116 3998 integra
1135 3929 1200 3983 istos
1219 3929 1306 3984 ualeat

168 4035 290 4074 excusare
313 4021 432 4074 correcta
453 4022 604 4088 praestante
628 4018 736 4072 domino
759 4022 849 4072 nostro
872 4017 933 4070 Iesu
956 4016 1071 4080 Christo,
1094 4017 1136 4070 cui
1159 4020 1199 4070 est
1221 4016 1306 4070 bonor

168 4109 195 4159 et
211 4106 355 4176 imperium
373 4107 401 4159 in
419 4105 523 4160 saecula
541 4105 716 4160 sacculorum.
734 4104 821 4159 Amen
838 4105 901 4159 odd.
915 4105 986 4174 Aug.
1042 4106 1074 4159 18
1092 4103 1157 4157 item
1176 4104 1219 4172 list
1238 4105 1306 4170 (erct

168 4195 246 4248 tertia
264 4197 295 4249 in
311 4197 378 4262 ras.)
397 4193 428 4247 de
447 4194 490 4248 sco
509 4193 599 4264 ioseph
618 4191 734 4247 secunda
746 4193 789 4260 D,·
805 4198 891 4248 astat
908 4193 952 4248 bic
969 4209 1054 4247 semo
1072 4193 1143 4246 inter
1155 4192 1305 4261 Aapacslias'

167 4297 298 4337 cannones
317 4281 413 4337 dubios
431 4283 466 4335 15
484 4282 537 4350 (39,
550 4285 619 4336 1770
631 4282 684 4348 Μ.)
738 4281 770 4334 14
789 4277 832 4348 dc]
851 4279 879 4332 in
898 4281 969 4350 Aug.
1028 4280 1059 4334 16
1078 4279 1214 4346 cognoscit
1232 4279 1302 4348 Aug.

171 4369 199 4423 17
218 4367 339 4422 &luerat
356 4369 386 4423 D
457 4371 488 4424 19
507 4367 651 4422 afflictione
670 4368 741 4437 Aap.
812 4365 962 4420 consummi
985 4365 1014 4420 D
1082 4367 1115 4420 21
1140 4365 1255 4434 possitne
1275 4365 1303 4418 D

169 4457 200 4510 25
219 4459 338 4510 medonta
355 4457 435 4526 Aug,
455 4453 594 4510 CCCXXX
612 4456 642 4510 D
694 4456 728 4509 26
747 4453 834 4506 locum
852 4451 929 4506 illum
948 4453 1020 4522 Aac.
1114 4541 1148 4589 20

217 4549 271 4591 111.
286 4549 358 4591 aaut.
