3320 5140
324 450 434 504 LXXVI
766 449 1006 517 Prolegomens.

324 629 433 693 abesse
456 627 507 692 hio
529 644 621 710 posse
644 643 722 710 nego
746 629 777 688 et
801 627 872 708 apte
899 625 1010 688 uocula
1036 621 1202 686 oboediens
1231 621 1360 688 subiecti
1386 641 1456 685 mu-

323 753 397 798 nere
420 733 560 816 fungitur
582 734 708 815 propter
731 729 828 794 uerba
850 730 1012 811 sequentia
1038 728 1094 812 poi
1116 726 1248 813 placuit
1266 748 1338 812 per·
1360 724 1455 788 obse-

323 837 459 924 quium.
497 837 574 900 adde
589 836 671 917 qnod
687 835 864 900 coniectura
879 838 984 899 nostra
1007 834 1123 918 optime
1145 833 1319 916 corruptela
1341 831 1454 895 codicis

323 943 503 1024 explicatur,
531 941 619 1004 cuius
647 939 791 1004 librarius
819 937 857 1003 ab
881 957 944 1003 una
966 956 1040 1002 uoce
1064 938 1103 1002 ad
1126 938 1257 1002 alteram
1285 935 1453 1000 aberrauit:

323 1043 502 1129 oboediam
518 1042 771 1128 inoboedibeatis.
789 1080 830 1090 -
845 1063 875 1125 p.
890 1040 941 1123 87,
954 1041 995 1104 26
1010 1043 1092 1125 lege:
1115 1040 1191 1118 siat,
1207 1042 1232 1104 P
1247 1060 1277 1123 p.
1294 1040 1453 1104 XXXVII.

322 1187 365 1197 -
384 1170 414 1232 p.
431 1148 483 1231 89,
499 1149 541 1212 26
564 1167 686 1214 comma
708 1151 777 1231 post
802 1145 959 1222 laudasti,
983 1145 1035 1228 90,
1052 1145 1071 1208 9
1086 1149 1238 1228 punctum
1261 1149 1332 1228 post
1353 1143 1455 1206 irasci

322 1254 535 1338 reponendum
566 1257 621 1317 est.
654 1289 695 1298 -
726 1272 756 1335 p.
774 1249 862 1333 90,3
885 1252 954 1335 lege
982 1272 1019 1312 aa
1048 1248 1137 1334 loqui
1163 1268 1218 1334 pro
1248 1257 1277 1312 et
1308 1247 1454 1332 tapeti>

322 1379 352 1442 p.
369 1358 529 1422 XXXVII.
555 1393 594 1404 —-
618 1377 647 1440 p.
665 1355 754 1436 90,4
776 1356 874 1421 uerba
897 1354 990 1418 86661
1013 1353 1221 1417 conuersioae
1239 1352 1454 1438 111666νὶ161-

323 1467 407 1528 tasse
429 1463 541 1526 melius
563 1462 737 1543 insequenti
760 1462 904 1543 capitulo,
927 1479 987 1542 qno
1011 1461 1115 1544 agitur
1138 1460 1175 1523 de
1190 1459 1354 1539 Neuiuitis,
1378 1459 1454 1522 assi-

322 1586 417 1651 gnare
442 1571 473 1631 61
494 1571 565 1650 post
588 1563 726 1627 Daniele
749 1566 878 1630 lacunae
907 1566 1030 1649 signum
1057 1583 1206 1647 reponere
1233 1567 1383 1646 poteram.
1416 1599 1452 1608 -

322 1693 352 1756 p.
370 1670 422 1752 92,
441 1670 480 1734 10
499 1673 567 1754 lege
584 1667 697 1732 oculas
714 1669 750 1752 (t.
768 1670 818 1754 6.).
845 1707 884 1716 -
908 1690 938 1753 p.
956 1667 1007 1750 93,
1024 1667 1066 1732 29
1091 1687 1173 1734 1111116
1195 1668 1278 1752 lego:
1302 1665 1453 1729 tollamus

306 1798 393 1839 eum
421 1774 459 1838 de
482 1784 640 1860 potestate
663 1775 798 1860 peccati.
821 1813 864 1822 —
887 1797 916 1859 p.
934 1774 985 1857 94,
1002 1774 1045 1838 24
1066 1776 1135 1859 lege
1164 1775 1318 1836 bominem
1342 1773 1453 1858 (booti-

322 1903 400 1943 mtm
423 1880 504 1963 et.)
532 1885 563 1944 61
590 1884 757 1964 transpone
780 1881 1030 1964 interrogationis
1054 1881 1178 1964 signum
1204 1884 1276 1961 post
1297 1887 1454 1940 nostram.

325 2022 364 2031 -
387 2005 417 2068 p.
437 1983 507 2065 103,
527 1983 567 2046 12
589 1985 757 2069 legentium
780 2004 905 2049 censeo:
937 1981 1001 2046 soli
1024 1993 1052 2047 te
1074 1983 1154 2068 <cleti
1185 1981 1296 2046 debere
1322 1982 1454 2045 acueris

321 2087 551 2150 1661661611.-
574 2109 603 2171 p.
625 2087 695 2168 110,
712 2087 753 2151 23
775 2090 859 2172 lege:
885 2087 1006 2166 dicaret,
1027 2089 1099 2172 Pp.
1116 2087 1209 2152 XLV.
1234 2125 1276 2133 -
1298 2107 1327 2170 p.
1346 2086 1455 2168 111,4

322 2193 405 2276 lege:
429 2213 492 2277 per
515 2190 660 2268 Esaiam,
688 2193 765 2275 Pp.
786 2191 879 2256 XLV.
903 2229 945 2238 -
968 2213 997 2275 p.
1022 2191 1093 2272 111,
1113 2191 1156 2256 20
1178 2193 1261 2275 lege:
1289 2190 1405 2266 adbuc,
1429 2191 1455 2254 P

322 2319 351 2381 p.
372 2298 467 2362 XLV.
495 2333 537 2343 -
564 2317 593 2380 p.
617 2295 688 2377 112,
709 2294 751 2359 22
778 2298 860 2380 lege:
888 2295 1071 2370 uideamus,
1098 2318 1136 2359 mc
1160 2301 1191 2361 61
1216 2294 1344 2377 113,18
1367 2293 1455 2372 uide,

322 2423 377 2481 ae,·
404 2403 440 2466 de
467 2423 506 2464 ae
532 2419 587 2483 pro
614 2422 692 2462 aum
715 2402 752 2465 ol.
774 2401 875 2464 index.
899 2437 941 2447 -
963 2422 992 2485 p.
1013 2400 1083 2482 116,
1099 2400 1140 2464 24
1166 2401 1263 2465 uerba
1284 2398 1338 2463 uel
1360 2400 1455 2462 maie-
1574 2477 1578 2484 ¹

321 2505 416 2592 statie
439 2506 526 2570 uncis
549 2505 737 2570 includenda
760 2509 857 2586 erant,
880 2507 905 2570 P
928 2525 957 2588 p.
975 2506 1069 2570 XLV.
1095 2543 1133 2552 -
1158 2525 1187 2588 p.
1208 2503 1337 2586 117,15
1359 2504 1456 2569 uerba

322 2611 394 2673 alia
423 2608 611 2695 specialiter
640 2611 721 2674 inter
751 2629 783 2674 se
815 2610 1046 2692 transponenda
1077 2614 1160 2690 sunt,
1189 2609 1213 2673 P
1240 2630 1270 2692 p.
1291 2609 1384 2674 XLV.
1413 2645 1455 2656 -
1508 2625 1516 2644 ³

321 2737 351 2800 p.
372 2715 442 2796 120,
459 2713 499 2776 27
531 2733 585 2797 pro
616 2713 759 2798 repletas
792 2714 892 2778 scribe
922 2713 970 2791 ata,
1000 2713 1026 2776 P
1053 2735 1081 2797 p.
1104 2714 1197 2778 XLV.
1227 2751 1266 2762 -—
1295 2734 1324 2798 p.
1349 2711 1455 2794 122,4

322 2823 391 2903 lege
413 2818 538 2905 spirita
561 2818 717 2903 (spi-ritas
741 2822 763 2883 t.
781 2819 831 2901 6.).
856 2856 898 2864 -
920 2839 950 2902 p.
969 2816 1040 2898 128,
1060 2816 1098 2879 18
1117 2817 1267 2901 procedit
1282 2819 1393 2882 litteris
1409 2819 1454 2881 di-

322 2925 423 2988 ductis
448 2923 645 2987 scribendum
669 2927 744 2987 erat.
783 2923 832 2987 hie
862 2923 945 2986 enirn
969 2927 1016 2987 est
1039 2923 1213 2986 sententiae
1241 2941 1366 2986 sensus:
1397 2921 1453 2983 loc

323 3028 455 3110 (scilieet
470 3037 515 3089 est
532 3026 606 3112 [qai
622 3035 691 3103 est,
713 3027 802 3089 misit
816 3026 896 3111 me])
912 3025 1067 3088 similiter
1082 3025 1208 3088 iudicat
1224 3035 1253 3088 et
1270 3025 1325 3109 (=
1342 3025 1451 3110 eticae)

319 3131 468 3216 procedit
494 3131 566 3216 (qui
581 3140 712 3216 epatre
730 3129 940 3217 procedit),
964 3149 1059 3213 quare
1082 3132 1185 3215 pergit
1205 3131 1354 3195 Faustus:
1377 3151 1453 3192 esse

322 3235 406 3297 caim
429 3245 457 3297 et
485 3235 693 3320 procedere
723 3235 825 3298 unias
854 3234 1121 3320 senapiteraitats's
1149 3235 1312 3320 capraccia
1335 3243 1388 3297 est.
1411 3270 1453 3281 —

322 3363 351 3425 p.
372 3339 502 3420 130,15
525 3341 593 3424 lege
617 3349 675 3402 out
698 3359 753 3423 pro
776 3361 830 3416 aa,
854 3341 879 3404 P
902 3361 930 3423 p.
948 3340 1042 3404 XLV.
1073 3376 1115 3386 -
1147 3361 1176 3424 p.
1196 3339 1266 3421 133,
1286 3338 1324 3402 19
1352 3337 1452 3400 inco-r-

325 3443 500 3530 amptetlem
522 3445 660 3508 codexV
684 3444 821 3526 praebet,
844 3464 899 3526 per
922 3463 1057 3508 errorem
1080 3445 1111 3509 in
1132 3448 1217 3509 textu
1240 3445 1329 3527 posui
1352 3443 1453 3505 iacer-

324 3548 495 3634 tmptelam.
526 3587 569 3595 —
598 3569 627 3631 p.
653 3547 722 3629 150,
746 3548 782 3610 ll
819 3549 887 3613 dele
917 3567 1040 3613 comma
1069 3553 1139 3632 post
1173 3547 1381 3631 confirmatis.
1411 3585 1453 3594 —

321 3675 350 3738 p.
379 3652 449 3734 154,
475 3650 512 3714 17
544 3653 666 3717 uidetur·
697 3652 909 3717 scribendum:
944 3651 1023 3736 puio
1056 3651 1210 3737 superius
1241 3652 1452 3737 acecpimus

323 3757 514 3842 (accipimus
530 3758 674 3840 codices).
692 3795 732 3802 -
749 3777 778 3841 p.
799 3755 860 3821 168
878 3776 914 3820 ex
930 3756 1084 3822 Gennadii
1098 3757 1201 3822 uerbis
1218 3757 1257 3821 ad
1271 3758 1292 3821 l.
1310 3756 1330 3819 3
1353 3758 1453 3822 allatis

321 3862 523 3945 posteriorem
540 3865 669 3925 tanturn
692 3865 814 3944 partem
837 3861 994 3945 pertinere
1018 3862 1056 3925 ad
1072 3862 1181 3926 Fausti
1205 3862 1370 3944 epistulam
1393 3865 1454 3926 ter-

322 3967 397 4031 tiam
421 3985 515 4049 supra
537 3986 566 4048 p.
582 3966 658 4030 XIX
687 3967 893 4048 exposuimus.
924 4001 967 4012 -
996 3985 1025 4047 p.
1050 3964 1120 4046 169,
1141 3964 1161 4029 2
1189 3964 1303 4028 eteaim
1330 3970 1454 4030 mutan-

322 4071 396 4134 dum
421 4071 523 4134 estin
546 4068 639 4147 caim,
666 4071 747 4153 quod
769 4071 859 4134 initio
883 4071 1034 4134 enuntiati
1056 4071 1193 4152 positum
1216 4070 1331 4135 Fausto
1354 4070 1454 4154 uipdi-

322 4193 391 4238 aare
422 4174 535 4237 oodiois
566 4175 748 4238 auctoritate
778 4175 902 4238 adiutus
933 4192 994 4239 non
1025 4174 1143 4254 dubito,
1175 4193 1247 4238 cum
1274 4173 1356 4238 idem
1378 4192 1453 4238 usus

322 4278 404 4361 apud
431 4279 565 4342 comicos
590 4282 621 4342 et
644 4278 811 4361 Apuleium
835 4278 988 4361 imprimis
1018 4278 1191 4362 reperiatur
1222 4277 1274 4360 (61.
1295 4277 1453 4362 Georgesii

322 4382 455 4468 lexicon)
483 4382 613 4464 ideoque
637 4383 668 4446 in
692 4401 834 4446 sermone
856 4381 977 4465 plebeio
1000 4401 1071 4448 eum
1095 4382 1240 4448 omnibus
1263 4381 1453 4466 temporibus
