3264 5134
655 533 750 587 Liber
768 534 781 587 1
800 537 876 590 5-6.
1290 532 1330 596 21

193 709 390 791 impietatem
405 709 505 772 nescis
522 709 675 792 refugere,
692 709 730 772 ad
742 709 997 773 Manichaeorum
1011 709 1126 792 dogma
1139 709 1331 791 pestiferum,

193 812 246 896 qui
274 810 407 876 liberum
434 811 597 877 arbitrium
624 816 724 877 totum
748 812 914 897 denegant,
942 817 972 876 te
996 812 1142 897 intellege
1167 813 1331 878 declinare.

736 1021 790 1086 VI.

193 1165 345 1213 QUOMODO
362 1165 627 1207 INTELLEORNDUM
643 1165 708 1206 stu:
733 1165 861 1226 suumn,
884 1165 1001 1226 luceru,
1025 1165 1116 1207 snum
1132 1164 1224 1205 FACTI
1241 1165 1329 1206 neuls

192 1253 253 1294 Pus
276 1253 385 1314 ullum,
408 1253 449 1293 ΕΤ
471 1253 533 1294 1100
555 1253 616 1294 NON
631 1253 671 1293 EX
689 1253 787 1294 UOBIS.
812 1253 866 1293 nm
886 1253 963 1294 1111111
982 1251 1092 1293 BONUM
1113 1251 1181 1312 EST,
1204 1251 1265 1293 NON
1287 1253 1327 1292 nx
1368 1247 1381 1284 5

192 1339 356 1400 constane,
379 1341 420 1380 NB
444 1339 514 1388 QUIS
537 1339 724 1382 ononimus.
755 1339 808 1381 UBI
828 1341 869 1380 ΕΤ
889 1339 981 1381 FIDES
1000 1339 1094 1380 turult
1109 1338 1211 1380 OPERA
1231 1339 1328 1380 Nullu-

192 1425 298 1468 BA'I'UB
313 1427 354 1467 ET
370 1425 458 1468 0111118
474 1427 565 1468 LEGIS
580 1427 958 1488 Puk1un‚01nusenaurnn
970 1427 1098 1468 MANBRB
1110 1425 1327 1468 uascmm‘ouu.

235 1543 321 1609 Sicut
342 1545 423 1608 inter
446 1562 539 1627 opera
561 1545 640 1628 legis
664 1548 695 1608 et
714 1543 787 1608 fidei
802 1544 937 1608 desidiae
953 1544 1070 1608 amicus
1087 1547 1119 1607 et
1134 1543 1327 1608 discretionis

190 1649 319 1732 ignarus
342 1648 381 1713 ab
404 1649 637 1732 intellegentiae
660 1650 784 1735 tramite
807 1649 949 1729 deuiasti,
973 1649 1016 1712 ita
1036 1649 1118 1712 inter
1134 1648 1193 1713 duo
1209 1649 1327 1732 gratiae

190 1757 332 1835 tempora
354 1753 588 1836 persuasionem
603 1757 690 1817 tuam
707 1753 879 1836 pessimum
894 1752 1004 1817 ducem
1021 1756 1146 1816 secutus
1168 1753 1325 1816 lucentem
1354 1769 1378 1805 ¹0

189 1857 362 1921 catholicae
377 1857 449 1921 fidei
464 1859 607 1941 regulam
618 1857 787 1940 perdidisti.
819 1860 942 1938 tempus
958 1857 1087 1940 gratiae,
1103 1875 1163 1938 quo
1175 1857 1327 1940 redempti

189 1981 309 2042 sumus,
326 1961 438 2026 merita
453 1963 617 2026 hominum
634 1981 695 2027 non
712 1963 896 2046 expectauit,
913 1979 1006 2045 opera
1021 1963 1144 2044 penitus
1157 1980 1219 2026 non
1231 1980 1326 2043 quae-

188 2067 275 2146 siuit,
299 2067 367 2130 sola
389 2065 465 2131 deus
487 2066 559 2130 fidei
579 2071 703 2130 nostrae
719 2066 884 2131 deuotione
900 2069 1064 2130 contentus
1080 2066 1138 2130 fuit
1154 2067 1326 2130 seeundum

187 2171 268 2235 illud
291 2171 439 2252 apostoli:
469 2171 628 2234 eredidit
654 2169 842 2235 Abraham
870 2171 935 2234 deo
963 2174 999 2235 et
1025 2173 1238 2253 reputatum
1269 2174 1326 2235 est

186 2275 246 2339 illi
270 2275 313 2338 ad
337 2275 539 2355 iustitiam,
563 2275 643 2338 sicut
665 2278 696 2338 et
718 2275 861 2339 alioloco
877 2275 968 2339 dicit:
992 2275 1114 2339 iustus
1138 2279 1260 2339 autem
1284 2295 1324 2339 er
1353 2287 1377 2326 1⁵

186 2379 264 2444 side
287 2397 367 2443 mea
388 2379 493 2444 uiuit.
530 2379 625 2460 quod
655 2379 685 2442 si
713 2378 945 2443 subtraxerit
975 2398 1027 2459 se,
1059 2397 1129 2443 non
1159 2379 1325 2463 placebit

185 2484 332 2548 animae
355 2501 464 2548 meae.
503 2483 623 2547 iustum
650 2502 722 2547 eum
750 2486 782 2548 et
808 2503 844 2547 er
871 2482 930 2546 fide
958 2484 1063 2547 uiuere
1086 2484 1227 2563 asseruit,
1252 2485 1324 2566 quia

185 2589 215 2652 ei
245 2587 339 2652 tidem
370 2591 401 2652 et
430 2587 583 2652 iustitiam
614 2588 775 2670 quaerenti
804 2587 973 2652 contulisse
1004 2607 1037 2652 se
1069 2587 1221 2652 meminit.
1268 2588 1323 2652 sed

184 2691 332 2756 dicendo:
357 2693 450 2774 quod
474 2692 504 2756 si
527 2691 760 2756 subtraxerit
783 2711 834 2771 se,
859 2711 930 2756 curn
954 2691 992 2755 ad
1015 2691 1106 2756 deuia
1128 2693 1322 2758 uoluntarius

182 2795 365 2873 declinabit,
389 2815 450 2860 non
473 2797 565 2880 periit
588 2797 677 2878 quasi
694 2796 869 2876 derelictus,
893 2797 946 2878 qui
968 2815 1002 2862 se
1024 2797 1178 2880 ingerenti
1200 2798 1321 2862 miseri·
1348 2815 1374 2853 ro

182 2899 308 2964 cordiae
324 2899 478 2964 subtraxit
493 2901 644 2984 ingratus.
676 2900 753 2964 item
769 2901 808 2964 ad
823 2899 1002 2965 Hebraeos:
1026 2901 1176 2966 credere
1199 2904 1322 2966 autem

181 3007 333 3087 oportet
348 3003 586 3068 accedentem
603 3005 645 3068 ad
662 3004 779 3084 deum,
795 3005 880 3086 quia
896 3009 966 3085 est,
991 3009 1026 3070 et
1041 3005 1321 3088 inquirentibus

180 3129 220 3172 se
248 3111 509 3172 remunerator
537 3109 591 3173 lit.
636 3127 729 3190 quarn
760 3108 841 3174 bene
872 3112 903 3173 et
933 3110 1050 3174 domini
1080 3109 1218 3174 officinm
1248 3129 1321 3176 oon·

179 3212 284 3277 iunxit
300 3216 331 3276 et
345 3212 457 3276 famuli
472 3213 619 3278 dicendo:
644 3217 679 3278 et
702 3212 980 3295 inquirentibus
1004 3233 1040 3279 se
1060 3219 1321 3280 remunerator

179 3317 236 3382 iit.
268 3317 456 3381 sicutenim
479 3317 518 3381 ad
541 3317 635 3381 deum
654 3319 777 3401 largitio
793 3317 1022 3400 remunerandi,
1046 3319 1091 3384 ita
1106 3319 1144 3383 ad
1160 3319 1319 3384 hominem
1346 3346 1372 3385 2⁵

178 3421 308 3485 deuotio
331 3421 458 3504 respicit
479 3421 662 3503 inquirendi.

223 3524 285 3590 Sed
309 3524 384 3588 dicis
408 3524 502 3590 tidem
533 3527 633 3608 ipsam
664 3544 726 3591 non
756 3525 900 3591 omnibus
927 3545 1018 3610 posse
1045 3532 1219 3612 conpetere.
1258 3547 1319 3592 non

177 3629 297 3692 mirum
325 3627 353 3692 si
380 3627 509 3709 homini,
540 3629 578 3693 ad
611 3649 703 3711 quem
732 3631 867 3714 denegas
898 3651 991 3714 opera
1022 3633 1191 3715 pertinere,
1223 3634 1319 3698 etiam

177 3733 275 3797 fidem
299 3732 425 3796 studeas
448 3733 607 3817 derogare,
632 3752 725 3816 qoam
749 3736 950 3800 manifestum
974 3741 1023 3801 est
1042 3737 1121 3801 inter
1137 3755 1231 3820 opera
1245 3756 1318 3802 con-

286 3930 331 4000 14]
351 3929 408 3984 Gal.
428 3933 453 3996 3,
466 3933 489 3986 6.
545 3931 688 4004 15],111111.
710 3935 750 3996 10,
763 3935 805 3990 38.
858 3935 904 4003 21]
923 3933 1004 3988 Hebr.
1025 3938 1065 4000 11,
1079 3939 1103 3991 6.

223 4095 359 4150 lnescire
378 4093 464 4164 fugire
484 4096 511 4150 P
567 4097 765 4150 manicheorum
783 4099 811 4152 P
867 4066 1019 4168 pestilerbur
1043 4101 1070 4154 P
1133 4103 1268 4171 linquid
1292 4106 1319 4158 P

172 4187 239 4238 5et
258 4181 351 4236 om.P
397 4182 535 4238 6intrao
582 4183 770 4238 rdiscribitur
788 4186 815 4240 P
861 4185 1006 4268 8disidiae
1025 4189 1069 4270 ΡΙ
1098 4190 1317 4259 ilirrtellegentia

172 4303 314 4356 emmiu
335 4303 362 4357 1
419 4305 450 4359 12
469 4305 592 4373 paenitus
612 4307 638 4359 P
696 4307 824 4362 renuas
843 4309 870 4362 n
927 4275 1166 4366 1511111101οΡ
1218 4315 1250 4368 ro
1269 4328 1315 4366 uo-

172 4389 301 4444 luntariis
321 4389 349 4444 P
403 4389 610 4446 21n0ureosr³
667 4394 700 4447 23
718 4397 867 4448 remoratur
886 4395 914 4448 P
968 4399 1000 4452 25
1019 4395 1103 4467 largio
1122 4399 1149 4452 P
1204 4401 1237 4454 27
1256 4415 1315 4470 pos·

173 4493 233 4531 sem
254 4477 280 4530 P
331 4479 365 4532 29
384 4475 539 4547 deputatio
