3222 5144
272 488 336 552 260
715 488 780 542 1111.
800 488 909 542 Sermo
929 491 968 544 10.

273 665 331 728 tati
361 663 510 745 peculiari
540 681 669 746 opernm
698 683 826 729 suorum
855 665 997 730 claritate
1028 665 1200 745 refulserit,
1235 665 1273 728 ad
1304 666 1411 729 omnia

272 773 378 832 tamen
409 769 477 832 loca
500 771 592 850 atque
615 769 666 833 uel
695 769 832 845 nominis
855 769 903 834 sui
925 769 1069 853 opinione
1100 769 1253 854 peruenit,
1285 769 1413 834 merito-

272 891 342 936 rum
365 891 493 937 suorum
515 873 619 937 lucem
641 873 786 956 perfudit.
822 874 910 938 cuius
933 875 1009 938 dum
1031 875 1196 939 recolimus
1219 874 1413 958 inexpugna-

272 977 367 1041 bilem
395 978 426 1042 in
447 977 591 1061 operibus
612 977 715 1058 fidem,
741 977 915 1042 mirabilem
939 979 971 1042 in
992 981 1175 1061 contemptu
1198 978 1306 1042 mundi
1329 979 1412 1062 rigo-

233 1110 245 1148 r
271 1100 349 1161 rem,
366 1082 555 1165 singularem
571 1082 604 1146 in
616 1082 828 1146 misericordia
840 1083 1012 1163 caritatem,
1029 1081 1242 1148 indubitanter
1257 1083 1411 1147 credimus

272 1205 345 1250 eum
367 1187 485 1270 inplere
509 1186 604 1250 etiam
627 1203 689 1250 non
711 1187 830 1269 inpleta
850 1188 994 1270 passione
1018 1187 1211 1270 martyrium.

314 1289 384 1355 Non
407 1291 492 1354 enim
515 1290 701 1373 martyrium
724 1291 791 1354 sola
813 1292 975 1374 sauguinis
998 1296 1197 1356 consummat
1221 1291 1330 1355 effusio
1353 1309 1411 1356 nec

272 1395 339 1460 sola
361 1396 414 1459 dat
436 1396 574 1477 palmam
599 1395 719 1459 exustio
741 1395 795 1459 illa
817 1395 1028 1460 flammarum.
1073 1396 1253 1478 peruenitur
1276 1413 1337 1460 non
1360 1413 1411 1459 so-

271 1501 338 1562 lum
361 1517 483 1579 occasu,
511 1499 684 1563 sedetiam
708 1503 889 1582 contemptu
917 1501 1052 1582 corporis
1075 1501 1115 1563 ad
1137 1517 1292 1565 coronam.
1338 1499 1410 1564 abs-

220 1632 246 1670 ro
272 1623 331 1686 que
361 1603 487 1668 iniuria·
501 1607 680 1668 sanctorum
708 1603 740 1667 in
769 1604 1036 1686 persecutionibus
1064 1604 1282 1668 defunctorum
1310 1604 1410 1668 dicere

270 1709 376 1772 liceat:
407 1726 534 1772 carnem
557 1706 723 1788 adflixisse,
751 1708 913 1772 libidinem
940 1727 1115 1792 superasse,
1142 1709 1291 1773 auaritiae
1317 1708 1410 1772 resti·

270 1813 355 1892 tisse,
387 1813 424 1876 de
451 1812 567 1876 mundo
598 1812 809 1895 triumphasse
839 1831 911 1895 pars
938 1831 1055 1896 magna
1081 1813 1222 1893 martyrii
1250 1815 1306 1876 est.
1351 1829 1409 1876 nos

271 1935 354 1996 uero,
378 1917 490 1981 fratres
514 1916 718 1997 dilectissimi,
743 1917 769 1980 si
785 1917 823 1980 ad
847 1917 1038 1981 consortium
1061 1917 1112 1981 uel
1135 1917 1332 1982 sacerdotum
1354 1933 1411 1980 uo-

270 2021 375 2084 lumus
398 2021 571 2102 peruenire,
600 2021 637 2083 de
665 2021 839 2085 imitatione
868 2025 1041 2104 martyrum
1064 2022 1247 2105 cogitemus.
1293 2019 1410 2084 debent

219 2155 243 2191 rs
271 2126 355 2188 enim
383 2125 415 2188 in
443 2125 532 2189 nobis
556 2125 672 2207 aliquid
695 2125 733 2189 de
757 2126 821 2189 suis
849 2124 1017 2190 uirtutibus
1041 2143 1272 2210 recognoscere,
1296 2129 1332 2189 ut
1353 2143 1410 2208 pro

271 2227 362 2292 nobis
387 2229 553 2312 dignentur
575 2229 700 2294 domino
731 2229 916 2313 supplicare.
962 2230 990 2294 si
1020 2230 1104 2294 enim
1133 2232 1299 2310 tormenta,
1329 2245 1410 2310 quae

272 2333 373 2398 sancti
390 2337 543 2416 martyres
566 2333 773 2418 pertulerunt,
797 2333 927 2399 sufferre
950 2351 1012 2398 nou
1035 2353 1213 2416 possumus,
1237 2335 1287 2398 uel
1302 2337 1411 2398 contra

270 2439 370 2503 malas
402 2438 669 2522 concupiscentias
702 2439 777 2520 ipsis
812 2438 1077 2503 intercedentibus
1111 2457 1331 2523 repugnemus.
1378 2442 1410 2502 et

270 2543 344 2626 quia
374 2562 436 2608 non
463 2544 578 2608 desunt
605 2543 774 2608 cottidiana
799 2547 941 2627 peccata,
973 2561 1035 2608 non
1063 2544 1166 2608 desint
1195 2545 1291 2608 etiam
1318 2543 1410 2606 cotti·

218 2677 244 2715 ro
271 2649 363 2714 diana
385 2649 532 2714 remedia.

312 2753 412 2818 Nemo
436 2773 469 2817 se
492 2753 599 2817 credat
621 2753 758 2836 aliquam
780 2753 964 2818 felicitatem
987 2753 1037 2817 uel
1061 2752 1186 2835 aliquod
1201 2771 1310 2817 uerum
1331 2769 1409 2836 gau·
1473 2756 1477 2766 '

270 2858 356 2922 dium
383 2859 415 2922 in
442 2858 501 2922 hoc
524 2858 649 2922 saeculo
675 2858 842 2940 possidere.
888 2857 1050 2922 beatitudo
1077 2857 1256 2941 praeparari
1283 2857 1332 2921 hic
1353 2874 1409 2938 po-

270 2966 341 3042 test,
365 2963 515 3046 possideri
538 2981 600 3027 nou
622 2966 736 3046 potest.
767 2964 828 3028 duo
851 2962 911 3028 sibi
933 2965 1075 3046 tempora
1094 2961 1201 3026 ordine
1225 2979 1281 3026 auo
1303 2978 1409 3025 suece-

270 3067 358 3146 dunt,
381 3069 506 3148 tempus
529 3065 623 3131 flendi
644 3071 676 3132 et
698 3071 822 3150 tempus
842 3067 972 3132 ridendi.
1011 3085 1102 3132 nemo
1119 3085 1153 3130 se
1175 3065 1408 3144 circumueniat,

218 3197 243 3234 aa
270 3171 394 3250 iratres,
423 3174 557 3235 nonest
583 3171 615 3234 in
642 3171 701 3235 hoc
724 3171 840 3236 mundo
864 3175 988 3254 tempus
1016 3170 1145 3236 ridendi.
1191 3171 1263 3249 scio,
1285 3170 1409 3248 fratrae,

270 3275 345 3357 quia
360 3275 461 3338 omnis
478 3274 572 3339 homo
587 3276 723 3359 gaudere
739 3275 905 3356 desiderat,
928 3275 983 3339 sed
1006 3293 1065 3340 non
1090 3273 1134 3339 ibi
1156 3279 1311 3357 quaeruut
1332 3291 1409 3358 gau·

270 3379 366 3459 dium,
390 3378 443 3442 ubi
459 3381 580 3461 oportet
602 3379 724 3461 inquiri.
771 3398 880 3444 uerum
904 3379 1053 3464 gaudium
1076 3379 1108 3443 in
1131 3379 1190 3443 hoc
1212 3378 1328 3443 mundo
1350 3395 1410 3441 uec

270 3484 330 3547 fuit
353 3501 411 3546 nec
433 3487 481 3548 est
504 3501 561 3547 nec
585 3502 653 3548 esse
675 3484 798 3567 poterit.
844 3485 889 3549 sic
912 3485 995 3548 enim
1019 3484 1162 3548 dominus
1191 3484 1224 3547 in
1247 3481 1409 3566 euangelio

314 3692 330 3744 6
348 3689 481 3758 passione]
506 3689 560 3758 etii
580 3689 719 3759 pastlsione
738 3691 767 3745 D
789 3693 858 3756 (crat
880 3708 923 3744 sae
946 3693 977 3746 ia
994 3694 1060 3758 rae.)
1131 3690 1289 3758 martyrium
1309 3691 1410 3758 scripsi

270 3783 381 3846 atropos
394 3777 459 3844 loco,
473 3778 593 3845 martyra
605 3778 635 3831 D
685 3781 700 3832 ‘l
714 3795 781 3848 pauc
792 3786 940 3847 seponantur
950 3797 1034 3848 usquc
1045 3779 1083 3834 ad
1094 3782 1174 3847 finem
1186 3785 1336 3848 empnam
1348 3795 1408 3833 cum

270 3864 421 3932 Aopastira'
446 3881 565 3919 scameras
592 3865 674 3920 atarbio
696 3869 749 3919 224
772 3865 825 3932 (39,
841 3869 911 3919 2159
927 3867 979 3932 Μ.)
1049 3868 1228 3968 liconsnmat
1249 3864 1355 3918 effusaio
1379 3866 1410 3918 D

271 3975 412 4044 8pallllam
431 3979 460 4031 D
512 3981 654 4032 doccassu
673 3979 702 4031 D
756 3979 787 4032 12
806 3977 910 4031 martiri
929 3980 958 4032 D
1012 3981 1044 4034 13
1062 3945 1096 4032 ad
1114 3980 1144 4033 D
1195 3983 1258 4033 orate
1277 3975 1318 4031 uel
1336 3979 1409 4047 dap.

272 4066 420 4130 martyrum
438 4065 524 4132 babet,
543 4065 748 4134 aedsolea'srime
803 4067 835 4118 14
853 4063 1007 4118 emitatione
1020 4066 1049 4121 D
1105 4065 1219 4119 martiri
1235 4065 1264 4120 D
1319 4067 1349 4120 15
1369 4081 1410 4118 re-

272 4163 442 4217 cognoscaere
461 4151 491 4204 D
546 4155 577 4206 16
596 4150 764 4218 digneturD
819 4153 849 4205 17
869 4152 1035 4206 martiresD
1088 4151 1181 4206 suffere
1195 4153 1224 4207 D
1277 4157 1308 4210 18
1326 4151 1409 4205 inter·

272 4233 441 4288 caedentibus
460 4238 489 4291 D
543 4239 575 4292 19
594 4237 740 4291 cotditiana
758 4237 787 4291 D
802 4244 916 4308 alrcpae
934 4237 991 4294 luco
1046 4239 1115 4292 desit
1133 4240 1162 4295 D
1213 4242 1245 4294 21
1267 4237 1365 4306 aliquid
1380 4239 1410 4293 D

271 4351 305 4403 23
323 4347 464 4402 sarccidunt
482 4351 511 4403 D
580 4351 614 4404 26
632 4309 765 4403 desderat
783 4351 812 4404 D
881 4365 935 4404 non
953 4350 1042 4421 ibipp
1060 4351 1135 4405 uobis
1159 4351 1198 4406 D¹
1269 4351 1333 4420 nou]
1356 4352 1409 4404 toti

272 4435 335 4490 odd.
349 4437 419 4507 Aap.
474 4440 588 4504 querunt
606 4437 635 4490 D
687 4439 721 4492 28
739 4435 908 4504 inunangelio
927 4439 956 4492 D
