<?xml version="1.0" encoding="UTF-8"?>
<!DOCTYPE html PUBLIC "-//W3C//DTD XHTML 1.0 Transitional//EN"
    "http://www.w3.org/TR/xhtml1/DTD/xhtml1-transitional.dtd">
<html xmlns="http://www.w3.org/1999/xhtml" xml:lang="en" lang="en">
 <head>
  <title>
</title>
<meta http-equiv="Content-Type" content="text/html;charset=utf-8" />
  <meta name='ocr-system' content='tesseract 3.04.00' />
  <meta name='ocr-capabilities' content='ocr_page ocr_carea ocr_par ocr_line ocrx_word'/>
</head>
<body>
  <div class='ocr_page' id='page_1' title='image "./praetersermones01fausgoog_0403.png"; bbox 0 0 3268 5142; ppageno 0'>
   <div class='ocr_carea' id='block_1_1' title="bbox 314 455 1008 521">
    <p class='ocr_par' dir='ltr' id='par_1_1' title="bbox 314 455 1008 521">
     <span class='ocr_line' id='line_1_1' title="bbox 314 455 1008 521; baseline -0.001 -12"><span class='ocrx_word' id='word_1_1' title='bbox 314 457 378 521; x_wconf 82' lang='lat'><strong>316</strong></span> <span class='ocrx_word' id='word_1_2' title='bbox 755 455 819 510; x_wconf 89' lang='lat'><em>1111.</em></span> <span class='ocrx_word' id='word_1_3' title='bbox 839 455 949 508; x_wconf 88' lang='lat' dir='ltr'><strong>Sermo</strong></span> <span class='ocrx_word' id='word_1_4' title='bbox 968 458 1008 511; x_wconf 80' lang='lat'><strong>23.</strong></span> 
     </span>
    </p>
   </div>
   <div class='ocr_carea' id='block_1_2' title="bbox 227 629 1456 3430">
    <p class='ocr_par' dir='ltr' id='par_1_2' title="bbox 227 629 1450 1132">
     <span class='ocr_line' id='line_1_2' title="bbox 357 629 1448 714; baseline 0 -19"><span class='ocrx_word' id='word_1_5' title='bbox 357 633 503 713; x_wconf 82' lang='lat' dir='ltr'>Ideoque,</span> <span class='ocrx_word' id='word_1_6' title='bbox 527 632 638 696; x_wconf 85' lang='lat' dir='ltr'><strong>iratres</strong></span> <span class='ocrx_word' id='word_1_7' title='bbox 662 631 826 712; x_wconf 80' lang='lat' dir='ltr'><strong>carissimi,</strong></span> <span class='ocrx_word' id='word_1_8' title='bbox 850 649 928 712; x_wconf 88' lang='lat' dir='ltr'><strong>quae</strong></span> <span class='ocrx_word' id='word_1_9' title='bbox 952 630 991 694; x_wconf 92' lang='lat' dir='ltr'><strong>ad</strong></span> <span class='ocrx_word' id='word_1_10' title='bbox 1014 629 1259 694; x_wconf 88' lang='lat' dir='ltr'><strong>aedificationem</strong></span> <span class='ocrx_word' id='word_1_11' title='bbox 1286 632 1448 714; x_wconf 87' lang='lat' dir='ltr'><strong>pertinent,</strong></span> 
     </span>
     <span class='ocr_line' id='line_1_3' title="bbox 315 734 1449 820; baseline -0.002 -18"><span class='ocrx_word' id='word_1_12' title='bbox 315 755 352 802; x_wconf 88' lang='lat' dir='ltr'><strong>ea</strong></span> <span class='ocrx_word' id='word_1_13' title='bbox 373 737 406 801; x_wconf 93' lang='lat' dir='ltr'><strong>in</strong></span> <span class='ocrx_word' id='word_1_14' title='bbox 430 736 530 800; x_wconf 89' lang='lat' dir='ltr'><strong>medio</strong></span> <span class='ocrx_word' id='word_1_15' title='bbox 553 736 645 818; x_wconf 94' lang='lat' dir='ltr'><strong>positi</strong></span> <span class='ocrx_word' id='word_1_16' title='bbox 672 754 765 820; x_wconf 87' lang='lat' dir='ltr'><strong>agere</strong></span> <span class='ocrx_word' id='word_1_17' title='bbox 795 734 988 815; x_wconf 88' lang='lat' dir='ltr'><strong>studeamus,</strong></span> <span class='ocrx_word' id='word_1_18' title='bbox 1020 753 1059 799; x_wconf 91' lang='lat' dir='ltr'><strong>ne</strong></span> <span class='ocrx_word' id='word_1_19' title='bbox 1089 735 1156 798; x_wconf 89' lang='lat' dir='ltr'><strong>uita</strong></span> <span class='ocrx_word' id='word_1_20' title='bbox 1186 739 1292 800; x_wconf 85' lang='lat' dir='ltr'><strong>nostra</strong></span> <span class='ocrx_word' id='word_1_21' title='bbox 1323 735 1449 801; x_wconf 84' lang='lat' dir='ltr'><strong>aliorum</strong></span> 
     </span>
     <span class='ocr_line' id='line_1_4' title="bbox 313 839 1450 922; baseline -0.001 -17"><span class='ocrx_word' id='word_1_22' title='bbox 313 839 483 905; x_wconf 88' lang='lat' dir='ltr'><strong>uirtutibus</strong></span> <span class='ocrx_word' id='word_1_23' title='bbox 515 843 626 904; x_wconf 87' lang='lat' dir='ltr'><strong>noceat</strong></span> <span class='ocrx_word' id='word_1_24' title='bbox 653 844 746 904; x_wconf 87' lang='lat' dir='ltr'><strong>etue</strong></span> <span class='ocrx_word' id='word_1_25' title='bbox 769 840 901 904; x_wconf 86' lang='lat' dir='ltr'><strong>aliorum</strong></span> <span class='ocrx_word' id='word_1_26' title='bbox 924 840 1080 904; x_wconf 81' lang='lat' dir='ltr'><strong>feruorem</strong></span> <span class='ocrx_word' id='word_1_27' title='bbox 1102 842 1190 922; x_wconf 87' lang='lat' dir='ltr'><strong>tepor</strong></span> <span class='ocrx_word' id='word_1_28' title='bbox 1213 843 1318 904; x_wconf 89' lang='lat' dir='ltr'><strong>noster</strong></span> <span class='ocrx_word' id='word_1_29' title='bbox 1346 839 1450 904; x_wconf 90' lang='lat' dir='ltr'><strong>debili·</strong></span> 
     </span>
     <span class='ocr_line' id='line_1_5' title="bbox 313 943 1450 1026; baseline -0.001 -17"><span class='ocrx_word' id='word_1_30' title='bbox 313 949 359 1010; x_wconf 91' lang='lat' dir='ltr'><strong>tet</strong></span> <span class='ocrx_word' id='word_1_31' title='bbox 381 949 413 1008; x_wconf 89' lang='lat' dir='ltr'><strong>et</strong></span> <span class='ocrx_word' id='word_1_32' title='bbox 436 963 476 1008; x_wconf 88' lang='lat' dir='ltr'><strong>ne</strong></span> <span class='ocrx_word' id='word_1_33' title='bbox 499 944 632 1008; x_wconf 91' lang='lat' dir='ltr'><strong>aliorum</strong></span> <span class='ocrx_word' id='word_1_34' title='bbox 654 944 838 1026; x_wconf 87' lang='lat' dir='ltr'><strong>patientiam</strong></span> <span class='ocrx_word' id='word_1_35' title='bbox 861 947 969 1009; x_wconf 88' lang='lat' dir='ltr'><strong>nostra</strong></span> <span class='ocrx_word' id='word_1_36' title='bbox 991 943 1151 1008; x_wconf 80' lang='lat' dir='ltr'><strong>iracundia</strong></span> <span class='ocrx_word' id='word_1_37' title='bbox 1177 943 1284 1024; x_wconf 90' lang='lat' dir='ltr'><strong>uiolet,</strong></span> <span class='ocrx_word' id='word_1_38' title='bbox 1312 963 1351 1008; x_wconf 86' lang='lat' dir='ltr'><strong>ne</strong></span> <span class='ocrx_word' id='word_1_39' title='bbox 1378 944 1450 1008; x_wconf 83' lang='lat' dir='ltr'><strong>alio</strong></span> 
     </span>
     <span class='ocr_line' id='line_1_6' title="bbox 227 1047 1450 1132; baseline -0.002 -17"><span class='ocrx_word' id='word_1_40' title='bbox 227 1077 229 1082; x_wconf 60' lang='grc'>’</span> <span class='ocrx_word' id='word_1_41' title='bbox 275 1077 288 1116; x_wconf 76' lang='lat'>⁵</span> <span class='ocrx_word' id='word_1_42' title='bbox 315 1069 385 1114; x_wconf 91' lang='lat' dir='ltr'><strong>rum</strong></span> <span class='ocrx_word' id='word_1_43' title='bbox 408 1049 618 1113; x_wconf 78' lang='lat' dir='ltr'><strong>humilitatem</strong></span> <span class='ocrx_word' id='word_1_44' title='bbox 642 1047 789 1130; x_wconf 89' lang='lat' dir='ltr'><strong>superbia</strong></span> <span class='ocrx_word' id='word_1_45' title='bbox 811 1051 918 1112; x_wconf 86' lang='lat' dir='ltr'><strong>nostra</strong></span> <span class='ocrx_word' id='word_1_46' title='bbox 933 1049 1092 1132; x_wconf 89' lang='lat' dir='ltr'><strong>deprauet,</strong></span> <span class='ocrx_word' id='word_1_47' title='bbox 1116 1067 1155 1112; x_wconf 91' lang='lat' dir='ltr'><strong>ne</strong></span> <span class='ocrx_word' id='word_1_48' title='bbox 1171 1049 1301 1113; x_wconf 89' lang='lat' dir='ltr'><strong>aliomm</strong></span> <span class='ocrx_word' id='word_1_49' title='bbox 1316 1049 1450 1131; x_wconf 88' lang='lat' dir='ltr'><strong>pulchri·</strong></span> 
     </span>
    </p>

    <p class='ocr_par' dir='ltr' id='par_1_3' title="bbox 314 1152 1448 1232">
     <span class='ocr_line' id='line_1_7' title="bbox 314 1152 1448 1232; baseline -0.001 -14"><span class='ocrx_word' id='word_1_50' title='bbox 314 1153 454 1218; x_wconf 78' lang='lat' dir='ltr'><strong>tudinem</strong></span> <span class='ocrx_word' id='word_1_51' title='bbox 481 1152 612 1218; x_wconf 81' lang='lat' dir='ltr'><strong>foeditas</strong></span> <span class='ocrx_word' id='word_1_52' title='bbox 640 1157 748 1218; x_wconf 87' lang='lat' dir='ltr'><strong>nostra</strong></span> <span class='ocrx_word' id='word_1_53' title='bbox 775 1153 977 1232; x_wconf 87' lang='lat' dir='ltr'><strong>contaminet,</strong></span> <span class='ocrx_word' id='word_1_54' title='bbox 1005 1171 1044 1217; x_wconf 90' lang='lat' dir='ltr'><strong>ne</strong></span> <span class='ocrx_word' id='word_1_55' title='bbox 1072 1152 1203 1217; x_wconf 88' lang='lat' dir='ltr'><strong>aliorum</strong></span> <span class='ocrx_word' id='word_1_56' title='bbox 1231 1152 1377 1218; x_wconf 83' lang='lat' dir='ltr'><strong>ardentes</strong></span> <span class='ocrx_word' id='word_1_57' title='bbox 1400 1172 1448 1217; x_wconf 91' lang='lat' dir='ltr'><strong>ex-</strong></span> 
     </span>
    </p>

    <p class='ocr_par' dir='ltr' id='par_1_4' title="bbox 263 1257 1456 2684">
     <span class='ocr_line' id='line_1_8' title="bbox 314 1257 1451 1342; baseline 0 -20"><span class='ocrx_word' id='word_1_58' title='bbox 314 1258 513 1342; x_wconf 85' lang='lat' dir='ltr'><strong>stinguamus</strong></span> <span class='ocrx_word' id='word_1_59' title='bbox 544 1257 717 1341; x_wconf 87' lang='lat' dir='ltr'><strong>lampades,</strong></span> <span class='ocrx_word' id='word_1_60' title='bbox 752 1257 779 1322; x_wconf 91' lang='lat' dir='ltr'><strong>si</strong></span> <span class='ocrx_word' id='word_1_61' title='bbox 813 1259 936 1322; x_wconf 88' lang='lat' dir='ltr'><strong>nostras</strong></span> <span class='ocrx_word' id='word_1_62' title='bbox 969 1257 1146 1320; x_wconf 92' lang='lat' dir='ltr'><strong>illuminare</strong></span> <span class='ocrx_word' id='word_1_63' title='bbox 1180 1275 1242 1321; x_wconf 91' lang='lat' dir='ltr'><strong>non</strong></span> <span class='ocrx_word' id='word_1_64' title='bbox 1275 1275 1451 1340; x_wconf 89' lang='lat' dir='ltr'><strong>possumus.</strong></span> 
     </span>
     <span class='ocr_line' id='line_1_9' title="bbox 314 1360 1451 1445; baseline 0.002 -19"><span class='ocrx_word' id='word_1_65' title='bbox 314 1367 346 1426; x_wconf 91' lang='lat' dir='ltr'><strong>et</strong></span> <span class='ocrx_word' id='word_1_66' title='bbox 369 1361 496 1444; x_wconf 89' lang='lat' dir='ltr'><strong>quidem</strong></span> <span class='ocrx_word' id='word_1_67' title='bbox 518 1361 589 1426; x_wconf 87' lang='lat' dir='ltr'><strong>illae</strong></span> <span class='ocrx_word' id='word_1_68' title='bbox 613 1361 718 1425; x_wconf 82' lang='lat' dir='ltr'><strong>fatuae</strong></span> <span class='ocrx_word' id='word_1_69' title='bbox 741 1361 889 1445; x_wconf 90' lang='lat' dir='ltr'><strong>uirgines,</strong></span> <span class='ocrx_word' id='word_1_70' title='bbox 914 1360 1087 1444; x_wconf 85' lang='lat' dir='ltr'><strong>quamlibet</strong></span> <span class='ocrx_word' id='word_1_71' title='bbox 1109 1361 1224 1426; x_wconf 88' lang='lat' dir='ltr'><strong>stultae</strong></span> <span class='ocrx_word' id='word_1_72' title='bbox 1248 1365 1363 1442; x_wconf 88' lang='lat' dir='ltr'><strong>essent,</strong></span> <span class='ocrx_word' id='word_1_73' title='bbox 1391 1379 1451 1428; x_wconf 91' lang='lat' dir='ltr'><strong>non</strong></span> 
     </span>
     <span class='ocr_line' id='line_1_10' title="bbox 314 1465 1452 1550; baseline 0 -19"><span class='ocrx_word' id='word_1_74' title='bbox 314 1471 380 1532; x_wconf 89' lang='lat' dir='ltr'><strong>tam</strong></span> <span class='ocrx_word' id='word_1_75' title='bbox 403 1467 522 1531; x_wconf 87' lang='lat' dir='ltr'><strong>alienas</strong></span> <span class='ocrx_word' id='word_1_76' title='bbox 546 1465 743 1549; x_wconf 82' lang='lat' dir='ltr'><strong>exstinguere</strong></span> <span class='ocrx_word' id='word_1_77' title='bbox 766 1466 927 1550; x_wconf 90' lang='lat' dir='ltr'><strong>lampades</strong></span> <span class='ocrx_word' id='word_1_78' title='bbox 951 1483 1045 1547; x_wconf 89' lang='lat' dir='ltr'><strong>qnam</strong></span> <span class='ocrx_word' id='word_1_79' title='bbox 1069 1483 1143 1530; x_wconf 88' lang='lat' dir='ltr'><strong>suas</strong></span> <span class='ocrx_word' id='word_1_80' title='bbox 1158 1465 1335 1530; x_wconf 88' lang='lat' dir='ltr'><strong>illuminare</strong></span> <span class='ocrx_word' id='word_1_81' title='bbox 1350 1467 1452 1549; x_wconf 91' lang='lat' dir='ltr'><strong>cupie-</strong></span> 
     </span>
     <span class='ocr_line' id='line_1_11' title="bbox 263 1570 1453 1654; baseline -0.001 -17"><span class='ocrx_word' id='word_1_82' title='bbox 263 1599 288 1637; x_wconf 85' lang='grc' dir='ltr'><strong>ιο</strong></span> <span class='ocrx_word' id='word_1_83' title='bbox 313 1571 399 1636; x_wconf 88' lang='lat' dir='ltr'><strong>bant.</strong></span> <span class='ocrx_word' id='word_1_84' title='bbox 432 1590 449 1636; x_wconf 91' lang='lat' dir='ltr'><strong>e</strong></span> <span class='ocrx_word' id='word_1_85' title='bbox 485 1570 554 1636; x_wconf 91' lang='lat' dir='ltr'><strong>ideo</strong></span> <span class='ocrx_word' id='word_1_86' title='bbox 577 1571 617 1634; x_wconf 94' lang='lat' dir='ltr'><strong>ad</strong></span> <span class='ocrx_word' id='word_1_87' title='bbox 639 1571 771 1634; x_wconf 87' lang='lat' dir='ltr'><strong>istarum</strong></span> <span class='ocrx_word' id='word_1_88' title='bbox 794 1570 1044 1654; x_wconf 87' lang='lat' dir='ltr'><strong>similitudinem,</strong></span> <span class='ocrx_word' id='word_1_89' title='bbox 1074 1571 1102 1635; x_wconf 91' lang='lat' dir='ltr'><strong>si</strong></span> <span class='ocrx_word' id='word_1_90' title='bbox 1128 1570 1178 1634; x_wconf 91' lang='lat' dir='ltr'><strong>cui</strong></span> <span class='ocrx_word' id='word_1_91' title='bbox 1200 1573 1344 1635; x_wconf 91' lang='lat' dir='ltr'><strong>nostrum</strong></span> <span class='ocrx_word' id='word_1_92' title='bbox 1367 1571 1453 1636; x_wconf 78' lang='lat' dir='ltr'><strong>deest</strong></span> 
     </span>
     <span class='ocr_line' id='line_1_12' title="bbox 314 1673 1454 1760; baseline 0 -20"><span class='ocrx_word' id='word_1_93' title='bbox 314 1675 522 1760; x_wconf 88' lang='lat' dir='ltr'><strong>pinguissima</strong></span> <span class='ocrx_word' id='word_1_94' title='bbox 550 1675 652 1760; x_wconf 88' lang='lat' dir='ltr'><strong>gratia</strong></span> <span class='ocrx_word' id='word_1_95' title='bbox 685 1674 871 1739; x_wconf 88' lang='lat' dir='ltr'><strong>humilitatis</strong></span> <span class='ocrx_word' id='word_1_96' title='bbox 906 1677 937 1739; x_wconf 92' lang='lat' dir='ltr'><strong>et</strong></span> <span class='ocrx_word' id='word_1_97' title='bbox 966 1675 993 1738; x_wconf 93' lang='lat' dir='ltr'><strong>si</strong></span> <span class='ocrx_word' id='word_1_98' title='bbox 1023 1675 1112 1740; x_wconf 89' lang='lat' dir='ltr'><strong>deest</strong></span> <span class='ocrx_word' id='word_1_99' title='bbox 1141 1675 1223 1759; x_wconf 89' lang='lat' dir='ltr'><strong>ignis</strong></span> <span class='ocrx_word' id='word_1_100' title='bbox 1256 1673 1329 1739; x_wconf 87' lang='lat' dir='ltr'><strong>lidci</strong></span> <span class='ocrx_word' id='word_1_101' title='bbox 1363 1679 1395 1740; x_wconf 90' lang='lat' dir='ltr'><strong>ot</strong></span> <span class='ocrx_word' id='word_1_102' title='bbox 1427 1676 1454 1740; x_wconf 93' lang='lat' dir='ltr'><strong>si</strong></span> 
     </span>
     <span class='ocr_line' id='line_1_13' title="bbox 314 1778 1454 1861; baseline 0 -17"><span class='ocrx_word' id='word_1_103' title='bbox 314 1779 443 1844; x_wconf 84' lang='lat' dir='ltr'><strong>flamma</strong></span> <span class='ocrx_word' id='word_1_104' title='bbox 465 1779 597 1844; x_wconf 85' lang='lat' dir='ltr'><strong>feruoris</strong></span> <span class='ocrx_word' id='word_1_105' title='bbox 620 1782 652 1843; x_wconf 89' lang='lat' dir='ltr'><strong>ot</strong></span> <span class='ocrx_word' id='word_1_106' title='bbox 674 1779 701 1844; x_wconf 88' lang='lat' dir='ltr'><strong>si</strong></span> <span class='ocrx_word' id='word_1_107' title='bbox 724 1779 828 1843; x_wconf 91' lang='lat' dir='ltr'><strong>oleum</strong></span> <span class='ocrx_word' id='word_1_108' title='bbox 851 1779 989 1843; x_wconf 91' lang='lat' dir='ltr'><strong>caritatis</strong></span> <span class='ocrx_word' id='word_1_109' title='bbox 1013 1782 1045 1844; x_wconf 90' lang='lat' dir='ltr'><strong>et</strong></span> <span class='ocrx_word' id='word_1_110' title='bbox 1067 1779 1093 1844; x_wconf 94' lang='lat' dir='ltr'><strong>si</strong></span> <span class='ocrx_word' id='word_1_111' title='bbox 1115 1779 1223 1843; x_wconf 90' lang='lat' dir='ltr'><strong>lumen</strong></span> <span class='ocrx_word' id='word_1_112' title='bbox 1246 1778 1454 1861; x_wconf 76' lang='lat' dir='ltr'><strong>discretionis,</strong></span> 
     </span>
     <span class='ocr_line' id='line_1_14' title="bbox 315 1883 1454 1968; baseline 0 -19"><span class='ocrx_word' id='word_1_113' title='bbox 315 1885 423 1949; x_wconf 88' lang='lat' dir='ltr'><strong>ueniat</strong></span> <span class='ocrx_word' id='word_1_114' title='bbox 445 1884 485 1949; x_wconf 91' lang='lat' dir='ltr'><strong>ad</strong></span> <span class='ocrx_word' id='word_1_115' title='bbox 508 1902 571 1964; x_wconf 90' lang='lat' dir='ltr'><strong>eos,</strong></span> <span class='ocrx_word' id='word_1_116' title='bbox 602 1901 679 1966; x_wconf 89' lang='lat' dir='ltr'><strong>quos</strong></span> <span class='ocrx_word' id='word_1_117' title='bbox 707 1884 808 1968; x_wconf 91' lang='lat' dir='ltr'><strong>magis</strong></span> <span class='ocrx_word' id='word_1_118' title='bbox 836 1883 996 1948; x_wconf 89' lang='lat' dir='ltr'><strong>abundare</strong></span> <span class='ocrx_word' id='word_1_119' title='bbox 1024 1883 1228 1967; x_wconf 80' lang='lat' dir='ltr'><strong>perspexerit,</strong></span> <span class='ocrx_word' id='word_1_120' title='bbox 1258 1887 1291 1948; x_wconf 93' lang='lat' dir='ltr'><strong>et</strong></span> <span class='ocrx_word' id='word_1_121' title='bbox 1320 1885 1454 1968; x_wconf 85' lang='lat' dir='ltr'><strong>gratiam</strong></span> 
     </span>
     <span class='ocr_line' id='line_1_15' title="bbox 315 1988 1455 2071; baseline 0.001 -18"><span class='ocrx_word' id='word_1_122' title='bbox 315 1990 348 2053; x_wconf 92' lang='lat' dir='ltr'><strong>in</strong></span> <span class='ocrx_word' id='word_1_123' title='bbox 370 2007 405 2053; x_wconf 89' lang='lat' dir='ltr'><strong>se</strong></span> <span class='ocrx_word' id='word_1_124' title='bbox 429 2007 447 2052; x_wconf 89' lang='lat' dir='ltr'><strong>a</strong></span> <span class='ocrx_word' id='word_1_125' title='bbox 468 1989 616 2071; x_wconf 85' lang='lat' dir='ltr'><strong>proximis</strong></span> <span class='ocrx_word' id='word_1_126' title='bbox 640 2006 702 2053; x_wconf 94' lang='lat' dir='ltr'><strong>non</strong></span> <span class='ocrx_word' id='word_1_127' title='bbox 726 1988 905 2069; x_wconf 84' lang='lat' dir='ltr'><strong>auferendo,</strong></span> <span class='ocrx_word' id='word_1_128' title='bbox 936 1989 992 2053; x_wconf 88' lang='lat' dir='ltr'><strong>sad</strong></span> <span class='ocrx_word' id='word_1_129' title='bbox 1018 1988 1168 2054; x_wconf 88' lang='lat' dir='ltr'><strong>imitando</strong></span> <span class='ocrx_word' id='word_1_130' title='bbox 1196 1989 1398 2054; x_wconf 79' lang='lat' dir='ltr'><strong>transfundat</strong></span> <span class='ocrx_word' id='word_1_131' title='bbox 1424 1993 1455 2054; x_wconf 91' lang='lat' dir='ltr'><strong>et</strong></span> 
     </span>
     <span class='ocr_line' id='line_1_16' title="bbox 264 2093 1454 2177; baseline 0.002 -20"><span class='ocrx_word' id='word_1_132' title='bbox 264 2117 287 2157; x_wconf 78' lang='lat' dir='ltr'><strong>rr</strong></span> <span class='ocrx_word' id='word_1_133' title='bbox 315 2093 398 2158; x_wconf 87' lang='lat' dir='ltr'><strong>bona</strong></span> <span class='ocrx_word' id='word_1_134' title='bbox 427 2093 632 2177; x_wconf 86' lang='lat' dir='ltr'><strong>possessionis</strong></span> <span class='ocrx_word' id='word_1_135' title='bbox 663 2093 783 2157; x_wconf 88' lang='lat' dir='ltr'><strong>alienae</strong></span> <span class='ocrx_word' id='word_1_136' title='bbox 814 2110 877 2157; x_wconf 92' lang='lat' dir='ltr'><strong>non</strong></span> <span class='ocrx_word' id='word_1_137' title='bbox 901 2094 1003 2158; x_wconf 89' lang='lat' dir='ltr'><strong>solum</strong></span> <span class='ocrx_word' id='word_1_138' title='bbox 1027 2094 1093 2158; x_wconf 87' lang='lat' dir='ltr'><strong>sine</strong></span> <span class='ocrx_word' id='word_1_139' title='bbox 1116 2093 1241 2174; x_wconf 92' lang='lat' dir='ltr'><strong>damno,</strong></span> <span class='ocrx_word' id='word_1_140' title='bbox 1273 2094 1328 2158; x_wconf 89' lang='lat' dir='ltr'><strong>sed</strong></span> <span class='ocrx_word' id='word_1_141' title='bbox 1360 2095 1454 2159; x_wconf 87' lang='lat' dir='ltr'><strong>etiam</strong></span> 
     </span>
     <span class='ocr_line' id='line_1_17' title="bbox 316 2197 1454 2280; baseline 0.002 -18"><span class='ocrx_word' id='word_1_142' title='bbox 316 2217 388 2262; x_wconf 88' lang='lat' dir='ltr'><strong>cum</strong></span> <span class='ocrx_word' id='word_1_143' title='bbox 404 2198 490 2262; x_wconf 90' lang='lat' dir='ltr'><strong>lucro</strong></span> <span class='ocrx_word' id='word_1_144' title='bbox 505 2197 711 2280; x_wconf 88' lang='lat' dir='ltr'><strong>possessionis</strong></span> <span class='ocrx_word' id='word_1_145' title='bbox 728 2197 865 2262; x_wconf 88' lang='lat' dir='ltr'><strong>inuadat.</strong></span> <span class='ocrx_word' id='word_1_146' title='bbox 905 2216 1078 2280; x_wconf 89' lang='lat' dir='ltr'><strong>numquam</strong></span> <span class='ocrx_word' id='word_1_147' title='bbox 1101 2199 1185 2262; x_wconf 90' lang='lat' dir='ltr'><strong>enim</strong></span> <span class='ocrx_word' id='word_1_148' title='bbox 1209 2199 1304 2263; x_wconf 90' lang='lat' dir='ltr'><strong>sentit</strong></span> <span class='ocrx_word' id='word_1_149' title='bbox 1326 2199 1454 2264; x_wconf 87' lang='lat' dir='ltr'><strong>luminis</strong></span> 
     </span>
     <span class='ocr_line' id='line_1_18' title="bbox 315 2302 1455 2386; baseline 0.001 -19"><span class='ocrx_word' id='word_1_150' title='bbox 315 2303 465 2367; x_wconf 91' lang='lat' dir='ltr'><strong>damnum</strong></span> <span class='ocrx_word' id='word_1_151' title='bbox 488 2302 641 2384; x_wconf 90' lang='lat' dir='ltr'><strong>plurimus</strong></span> <span class='ocrx_word' id='word_1_152' title='bbox 664 2302 746 2386; x_wconf 91' lang='lat' dir='ltr'><strong>ignis</strong></span> <span class='ocrx_word' id='word_1_153' title='bbox 769 2320 918 2366; x_wconf 88' lang='lat' dir='ltr'><strong>accensus</strong></span> <span class='ocrx_word' id='word_1_154' title='bbox 942 2320 1000 2367; x_wconf 90' lang='lat' dir='ltr'><strong>nec</strong></span> <span class='ocrx_word' id='word_1_155' title='bbox 1022 2303 1136 2366; x_wconf 89' lang='lat' dir='ltr'><strong>minuit</strong></span> <span class='ocrx_word' id='word_1_156' title='bbox 1158 2303 1231 2367; x_wconf 90' lang='lat' dir='ltr'><strong>solis</strong></span> <span class='ocrx_word' id='word_1_157' title='bbox 1254 2303 1360 2368; x_wconf 91' lang='lat' dir='ltr'><strong>lucem</strong></span> <span class='ocrx_word' id='word_1_158' title='bbox 1383 2321 1455 2368; x_wconf 92' lang='lat' dir='ltr'><strong>con-</strong></span> 
     </span>
     <span class='ocr_line' id='line_1_19' title="bbox 315 2406 1454 2490; baseline 0.001 -19"><span class='ocrx_word' id='word_1_159' title='bbox 315 2407 519 2472; x_wconf 87' lang='lat' dir='ltr'><strong>siderentium</strong></span> <span class='ocrx_word' id='word_1_160' title='bbox 554 2406 731 2471; x_wconf 90' lang='lat' dir='ltr'><strong>multitudo.</strong></span> <span class='ocrx_word' id='word_1_161' title='bbox 778 2407 886 2488; x_wconf 89' lang='lat' dir='ltr'><strong>quanti</strong></span> <span class='ocrx_word' id='word_1_162' title='bbox 921 2407 959 2471; x_wconf 88' lang='lat' dir='ltr'><strong>ad</strong></span> <span class='ocrx_word' id='word_1_163' title='bbox 990 2425 1062 2471; x_wconf 91' lang='lat' dir='ltr'><strong>eum</strong></span> <span class='ocrx_word' id='word_1_164' title='bbox 1096 2408 1323 2490; x_wconf 89' lang='lat' dir='ltr'><strong>perspexerint,</strong></span> <span class='ocrx_word' id='word_1_165' title='bbox 1358 2409 1454 2473; x_wconf 87' lang='lat' dir='ltr'><strong>tantis</strong></span> 
     </span>
     <span class='ocr_line' id='line_1_20' title="bbox 314 2511 1456 2598; baseline 0.002 -22"><span class='ocrx_word' id='word_1_166' title='bbox 314 2531 445 2576; x_wconf 88' lang='lat' dir='ltr'><strong>munera</strong></span> <span class='ocrx_word' id='word_1_167' title='bbox 478 2529 537 2576; x_wconf 91' lang='lat' dir='ltr'><strong>sua</strong></span> <span class='ocrx_word' id='word_1_168' title='bbox 569 2511 747 2576; x_wconf 92' lang='lat' dir='ltr'><strong>commodat</strong></span> <span class='ocrx_word' id='word_1_169' title='bbox 781 2515 812 2576; x_wconf 91' lang='lat' dir='ltr'><strong>et</strong></span> <span class='ocrx_word' id='word_1_170' title='bbox 844 2511 911 2596; x_wconf 90' lang='lat' dir='ltr'><strong>ipse</strong></span> <span class='ocrx_word' id='word_1_171' title='bbox 944 2515 1052 2576; x_wconf 91' lang='lat' dir='ltr'><strong>tamen</strong></span> <span class='ocrx_word' id='word_1_172' title='bbox 1082 2530 1206 2594; x_wconf 90' lang='lat' dir='ltr'><strong>semper</strong></span> <span class='ocrx_word' id='word_1_173' title='bbox 1234 2513 1358 2596; x_wconf 87' lang='lat' dir='ltr'><strong>integer</strong></span> <span class='ocrx_word' id='word_1_174' title='bbox 1387 2533 1456 2598; x_wconf 91' lang='lat' dir='ltr'><strong>per-</strong></span> 
     </span>
     <span class='ocr_line' id='line_1_21' title="bbox 263 2619 446 2684; baseline -0.022 0"><span class='ocrx_word' id='word_1_175' title='bbox 263 2643 288 2684; x_wconf 78' lang='lat' dir='ltr'><strong>so</strong></span> <span class='ocrx_word' id='word_1_176' title='bbox 315 2619 446 2682; x_wconf 87' lang='lat' dir='ltr'><strong>seuerat.</strong></span> 
     </span>
    </p>

    <p class='ocr_par' dir='ltr' id='par_1_5' title="bbox 313 2720 1456 3116">
     <span class='ocr_line' id='line_1_22' title="bbox 357 2720 1455 2802; baseline 0.001 -17"><span class='ocrx_word' id='word_1_177' title='bbox 357 2721 527 2786; x_wconf 88' lang='lat' dir='ltr'><strong>Benedicta</strong></span> <span class='ocrx_word' id='word_1_178' title='bbox 550 2739 570 2784; x_wconf 91' lang='lat' dir='ltr'><strong>a</strong></span> <span class='ocrx_word' id='word_1_179' title='bbox 592 2720 648 2784; x_wconf 88' lang='lat' dir='ltr'><strong>deo</strong></span> <span class='ocrx_word' id='word_1_180' title='bbox 671 2721 725 2784; x_wconf 89' lang='lat' dir='ltr'><strong>illa</strong></span> <span class='ocrx_word' id='word_1_181' title='bbox 747 2721 852 2784; x_wconf 88' lang='lat' dir='ltr'><strong>anima</strong></span> <span class='ocrx_word' id='word_1_182' title='bbox 875 2723 933 2802; x_wconf 88' lang='lat' dir='ltr'><strong>est,</strong></span> <span class='ocrx_word' id='word_1_183' title='bbox 956 2721 1044 2784; x_wconf 90' lang='lat' dir='ltr'><strong>cuius</strong></span> <span class='ocrx_word' id='word_1_184' title='bbox 1060 2720 1221 2785; x_wconf 85' lang='lat' dir='ltr'><strong>humilitas</strong></span> <span class='ocrx_word' id='word_1_185' title='bbox 1238 2722 1366 2786; x_wconf 88' lang='lat' dir='ltr'><strong>alterius</strong></span> <span class='ocrx_word' id='word_1_186' title='bbox 1383 2740 1455 2787; x_wconf 93' lang='lat' dir='ltr'><strong>oon·</strong></span> 
     </span>
     <span class='ocr_line' id='line_1_23' title="bbox 313 2823 1454 2910; baseline 0.002 -21"><span class='ocrx_word' id='word_1_187' title='bbox 313 2825 418 2890; x_wconf 89' lang='lat' dir='ltr'><strong>fundit</strong></span> <span class='ocrx_word' id='word_1_188' title='bbox 433 2825 623 2909; x_wconf 88' lang='lat' dir='ltr'><strong>superbiam,</strong></span> <span class='ocrx_word' id='word_1_189' title='bbox 647 2825 734 2888; x_wconf 86' lang='lat' dir='ltr'><strong>cuius</strong></span> <span class='ocrx_word' id='word_1_190' title='bbox 750 2823 902 2907; x_wconf 88' lang='lat' dir='ltr'><strong>patientia</strong></span> <span class='ocrx_word' id='word_1_191' title='bbox 916 2825 1048 2907; x_wconf 88' lang='lat' dir='ltr'><strong>proximi</strong></span> <span class='ocrx_word' id='word_1_192' title='bbox 1064 2825 1234 2910; x_wconf 87' lang='lat' dir='ltr'><strong>exstinguit</strong></span> <span class='ocrx_word' id='word_1_193' title='bbox 1250 2825 1454 2906; x_wconf 86' lang='lat' dir='ltr'><strong>iracundiam,</strong></span> 
     </span>
     <span class='ocr_line' id='line_1_24' title="bbox 314 2929 1455 3012; baseline 0.003 -20"><span class='ocrx_word' id='word_1_194' title='bbox 314 2931 400 2993; x_wconf 88' lang='lat' dir='ltr'><strong>euius</strong></span> <span class='ocrx_word' id='word_1_195' title='bbox 424 2929 619 2993; x_wconf 88' lang='lat' dir='ltr'><strong>oboedientia</strong></span> <span class='ocrx_word' id='word_1_196' title='bbox 641 2929 801 3012; x_wconf 91' lang='lat' dir='ltr'><strong>pigritiam</strong></span> <span class='ocrx_word' id='word_1_197' title='bbox 818 2929 946 2993; x_wconf 87' lang='lat' dir='ltr'><strong>alterius</strong></span> <span class='ocrx_word' id='word_1_198' title='bbox 962 2930 1055 2993; x_wconf 88' lang='lat' dir='ltr'><strong>tacite</strong></span> <span class='ocrx_word' id='word_1_199' title='bbox 1070 2930 1220 3012; x_wconf 91' lang='lat' dir='ltr'><strong>increpat,</strong></span> <span class='ocrx_word' id='word_1_200' title='bbox 1244 2929 1334 2993; x_wconf 92' lang='lat' dir='ltr'><strong>cuius</strong></span> <span class='ocrx_word' id='word_1_201' title='bbox 1350 2930 1455 2995; x_wconf 85' lang='lat' dir='ltr'><strong>feruor</strong></span> 
     </span>
     <span class='ocr_line' id='line_1_25' title="bbox 314 3033 1456 3116; baseline 0.003 -20"><span class='ocrx_word' id='word_1_202' title='bbox 314 3033 459 3097; x_wconf 90' lang='lat' dir='ltr'><strong>inertiam</strong></span> <span class='ocrx_word' id='word_1_203' title='bbox 491 3033 584 3096; x_wconf 89' lang='lat' dir='ltr'><strong>alieni</strong></span> <span class='ocrx_word' id='word_1_204' title='bbox 616 3033 730 3116; x_wconf 90' lang='lat' dir='ltr'><strong>teporis</strong></span> <span class='ocrx_word' id='word_1_205' title='bbox 761 3033 945 3114; x_wconf 86' lang='lat' dir='ltr'><strong>exsuscitat,</strong></span> <span class='ocrx_word' id='word_1_206' title='bbox 981 3033 1033 3115; x_wconf 92' lang='lat' dir='ltr'><strong>qui</strong></span> <span class='ocrx_word' id='word_1_207' title='bbox 1063 3035 1194 3116; x_wconf 90' lang='lat' dir='ltr'><strong>proximi</strong></span> <span class='ocrx_word' id='word_1_208' title='bbox 1225 3034 1273 3098; x_wconf 88' lang='lat' dir='ltr'><strong>sui</strong></span> <span class='ocrx_word' id='word_1_209' title='bbox 1302 3053 1380 3116; x_wconf 88' lang='lat' dir='ltr'><strong>prae</strong></span> <span class='ocrx_word' id='word_1_210' title='bbox 1411 3035 1456 3099; x_wconf 87' lang='lat' dir='ltr'><strong>ira</strong></span> 
     </span>
    </p>

    <p class='ocr_par' dir='ltr' id='par_1_6' title="bbox 262 3137 1456 3430">
     <span class='ocr_line' id='line_1_26' title="bbox 262 3137 1455 3221; baseline -0.002 -15"><span class='ocrx_word' id='word_1_211' title='bbox 262 3165 288 3206; x_wconf 79' lang='lat' dir='ltr'><strong>re</strong></span> <span class='ocrx_word' id='word_1_212' title='bbox 314 3137 477 3202; x_wconf 88' lang='lat' dir='ltr'><strong>turbatum</strong></span> <span class='ocrx_word' id='word_1_213' title='bbox 499 3139 623 3202; x_wconf 92' lang='lat' dir='ltr'><strong>oculum</strong></span> <span class='ocrx_word' id='word_1_214' title='bbox 648 3138 747 3202; x_wconf 88' lang='lat' dir='ltr'><strong>cordis</strong></span> <span class='ocrx_word' id='word_1_215' title='bbox 763 3138 866 3221; x_wconf 90' lang='lat' dir='ltr'><strong>gratia</strong></span> <span class='ocrx_word' id='word_1_216' title='bbox 880 3139 1101 3203; x_wconf 89' lang='lat' dir='ltr'><strong>consolationis</strong></span> <span class='ocrx_word' id='word_1_217' title='bbox 1121 3141 1215 3220; x_wconf 89' lang='lat' dir='ltr'><strong>atque</strong></span> <span class='ocrx_word' id='word_1_218' title='bbox 1231 3137 1455 3204; x_wconf 86' lang='lat' dir='ltr'><strong>aedificationis</strong></span> 
     </span>
     <span class='ocr_line' id='line_1_27' title="bbox 313 3241 1456 3326; baseline 0.002 -20"><span class='ocrx_word' id='word_1_219' title='bbox 313 3241 479 3306; x_wconf 85' lang='lat' dir='ltr'><strong>illuminat.</strong></span> <span class='ocrx_word' id='word_1_220' title='bbox 519 3243 629 3306; x_wconf 88' lang='lat' dir='ltr'><strong>melius</strong></span> <span class='ocrx_word' id='word_1_221' title='bbox 661 3245 709 3306; x_wconf 90' lang='lat' dir='ltr'><strong>est</strong></span> <span class='ocrx_word' id='word_1_222' title='bbox 738 3242 812 3306; x_wconf 94' lang='lat' dir='ltr'><strong>buic</strong></span> <span class='ocrx_word' id='word_1_223' title='bbox 839 3261 931 3324; x_wconf 86' lang='lat' dir='ltr'><strong>quam</strong></span> <span class='ocrx_word' id='word_1_224' title='bbox 964 3243 1019 3324; x_wconf 92' lang='lat' dir='ltr'><strong>illi,</strong></span> <span class='ocrx_word' id='word_1_225' title='bbox 1050 3243 1102 3324; x_wconf 88' lang='lat' dir='ltr'><strong>qui</strong></span> <span class='ocrx_word' id='word_1_226' title='bbox 1132 3244 1261 3308; x_wconf 85' lang='lat' dir='ltr'><strong>fratrem</strong></span> <span class='ocrx_word' id='word_1_227' title='bbox 1288 3245 1456 3326; x_wconf 90' lang='lat' dir='ltr'><strong>paululum</strong></span> 
     </span>
     <span class='ocr_line' id='line_1_28' title="bbox 314 3345 1455 3430; baseline 0.002 -20"><span class='ocrx_word' id='word_1_228' title='bbox 314 3346 352 3410; x_wconf 91' lang='lat' dir='ltr'><strong>ab</strong></span> <span class='ocrx_word' id='word_1_229' title='bbox 380 3345 484 3427; x_wconf 91' lang='lat' dir='ltr'><strong>aliquo</strong></span> <span class='ocrx_word' id='word_1_230' title='bbox 512 3346 732 3411; x_wconf 85' lang='lat' dir='ltr'><strong>contristatum</strong></span> <span class='ocrx_word' id='word_1_231' title='bbox 756 3365 819 3411; x_wconf 91' lang='lat' dir='ltr'><strong>non</strong></span> <span class='ocrx_word' id='word_1_232' title='bbox 842 3350 948 3411; x_wconf 91' lang='lat' dir='ltr'><strong>tamen</strong></span> <span class='ocrx_word' id='word_1_233' title='bbox 971 3347 1086 3412; x_wconf 89' lang='lat' dir='ltr'><strong>solacio</strong></span> <span class='ocrx_word' id='word_1_234' title='bbox 1109 3365 1166 3412; x_wconf 88' lang='lat' dir='ltr'><strong>suo</strong></span> <span class='ocrx_word' id='word_1_235' title='bbox 1188 3350 1330 3430; x_wconf 90' lang='lat' dir='ltr'><strong>porrecta</strong></span> <span class='ocrx_word' id='word_1_236' title='bbox 1359 3367 1455 3413; x_wconf 91' lang='lat' dir='ltr'><strong>manu</strong></span> 
     </span>
    </p>
   </div>
   <div class='ocr_carea' id='block_1_3' title="bbox 260 3448 1456 3845">
    <p class='ocr_par' dir='ltr' id='par_1_7' title="bbox 260 3448 1456 3845">
     <span class='ocr_line' id='line_1_29' title="bbox 313 3448 1456 3534; baseline 0.001 -19"><span class='ocrx_word' id='word_1_237' title='bbox 313 3468 376 3515; x_wconf 95' lang='lat' dir='ltr'><strong>non</strong></span> <span class='ocrx_word' id='word_1_238' title='bbox 400 3448 554 3531; x_wconf 91' lang='lat' dir='ltr'><strong>subleuat,</strong></span> <span class='ocrx_word' id='word_1_239' title='bbox 578 3451 633 3514; x_wconf 92' lang='lat' dir='ltr'><strong>sed</strong></span> <span class='ocrx_word' id='word_1_240' title='bbox 657 3449 845 3515; x_wconf 90' lang='lat' dir='ltr'><strong>titubantem</strong></span> <span class='ocrx_word' id='word_1_241' title='bbox 869 3452 951 3516; x_wconf 90' lang='lat' dir='ltr'><strong>sient</strong></span> <span class='ocrx_word' id='word_1_242' title='bbox 972 3451 1123 3534; x_wconf 89' lang='lat' dir='ltr'><strong>parietem</strong></span> <span class='ocrx_word' id='word_1_243' title='bbox 1146 3451 1332 3516; x_wconf 90' lang='lat' dir='ltr'><strong>inclinatum</strong></span> <span class='ocrx_word' id='word_1_244' title='bbox 1357 3455 1456 3518; x_wconf 90' lang='lat' dir='ltr'><strong>male-</strong></span> 
     </span>
     <span class='ocr_line' id='line_1_30' title="bbox 313 3554 1455 3638; baseline 0.003 -19"><span class='ocrx_word' id='word_1_245' title='bbox 313 3554 489 3636; x_wconf 90' lang='lat' dir='ltr'><strong>loquiorum</strong></span> <span class='ocrx_word' id='word_1_246' title='bbox 512 3554 651 3638; x_wconf 90' lang='lat' dir='ltr'><strong>impulsu</strong></span> <span class='ocrx_word' id='word_1_247' title='bbox 674 3555 804 3620; x_wconf 89' lang='lat' dir='ltr'><strong>adiuuat</strong></span> <span class='ocrx_word' id='word_1_248' title='bbox 827 3555 1011 3620; x_wconf 81' lang='lat' dir='ltr'><strong>adruinum</strong></span> <span class='ocrx_word' id='word_1_249' title='bbox 1035 3559 1066 3620; x_wconf 91' lang='lat' dir='ltr'><strong>et</strong></span> <span class='ocrx_word' id='word_1_250' title='bbox 1092 3556 1259 3621; x_wconf 83' lang='lat' dir='ltr'><strong>salubriter</strong></span> <span class='ocrx_word' id='word_1_251' title='bbox 1281 3574 1337 3638; x_wconf 94' lang='lat' dir='ltr'><strong>pro</strong></span> <span class='ocrx_word' id='word_1_252' title='bbox 1362 3557 1455 3622; x_wconf 92' lang='lat' dir='ltr'><strong>disci·</strong></span> 
     </span>
     <span class='ocr_line' id='line_1_31' title="bbox 260 3659 1456 3743; baseline 0 -17"><span class='ocrx_word' id='word_1_253' title='bbox 260 3686 287 3726; x_wconf 81' lang='lat' dir='ltr'><strong>co</strong></span> <span class='ocrx_word' id='word_1_254' title='bbox 312 3659 417 3743; x_wconf 90' lang='lat' dir='ltr'><strong>plinae</strong></span> <span class='ocrx_word' id='word_1_255' title='bbox 447 3659 567 3723; x_wconf 86' lang='lat' dir='ltr'><strong>ratione</strong></span> <span class='ocrx_word' id='word_1_256' title='bbox 597 3663 770 3723; x_wconf 89' lang='lat' dir='ltr'><strong>correctum</strong></span> <span class='ocrx_word' id='word_1_257' title='bbox 800 3679 855 3742; x_wconf 89' lang='lat' dir='ltr'><strong>per</strong></span> <span class='ocrx_word' id='word_1_258' title='bbox 886 3661 1013 3725; x_wconf 90' lang='lat' dir='ltr'><strong>sinistra</strong></span> <span class='ocrx_word' id='word_1_259' title='bbox 1039 3661 1169 3724; x_wconf 89' lang='lat' dir='ltr'><strong>consilia</strong></span> <span class='ocrx_word' id='word_1_260' title='bbox 1196 3661 1241 3724; x_wconf 88' lang='lat' dir='ltr'><strong>sic</strong></span> <span class='ocrx_word' id='word_1_261' title='bbox 1270 3661 1391 3742; x_wconf 88' lang='lat' dir='ltr'><strong>incitet,</strong></span> <span class='ocrx_word' id='word_1_262' title='bbox 1422 3665 1456 3726; x_wconf 91' lang='lat' dir='ltr'><strong>ut</strong></span> 
     </span>
     <span class='ocr_line' id='line_1_32' title="bbox 314 3755 1449 3845; baseline 0 -17"><span class='ocrx_word' id='word_1_263' title='bbox 314 3763 432 3844; x_wconf 85' lang='lat' dir='ltr'><strong>allidat,</strong></span> <span class='ocrx_word' id='word_1_264' title='bbox 455 3765 500 3828; x_wconf 88' lang='lat' dir='ltr'><strong>sic</strong></span> <span class='ocrx_word' id='word_1_265' title='bbox 523 3766 635 3844; x_wconf 88' lang='lat' dir='ltr'><strong>armat,</strong></span> <span class='ocrx_word' id='word_1_266' title='bbox 658 3767 694 3828; x_wconf 91' lang='lat' dir='ltr'><strong>ut</strong></span> <span class='ocrx_word' id='word_1_267' title='bbox 716 3763 860 3845; x_wconf 89' lang='lat' dir='ltr'><strong>perimat.</strong></span> <span class='ocrx_word' id='word_1_268' title='bbox 1409 3755 1422 3764; x_wconf 80' lang='grc'><strong>’</strong></span> <span class='ocrx_word' id='word_1_269' title='bbox 1447 3757 1449 3761; x_wconf 73' lang='grc'>’</span> 
     </span>
    </p>
   </div>
   <div class='ocr_carea' id='block_1_4' title="bbox 311 3970 1455 4477">
    <p class='ocr_par' dir='ltr' id='par_1_8' title="bbox 311 3970 1455 4477">
     <span class='ocr_line' id='line_1_33' title="bbox 356 3970 1455 4041; baseline 0.002 -15"><span class='ocrx_word' id='word_1_270' title='bbox 356 3970 494 4026; x_wconf 81' lang='lat' dir='ltr'><strong>2uia0o</strong></span> <span class='ocrx_word' id='word_1_271' title='bbox 563 3971 832 4038; x_wconf 79' lang='lat' dir='ltr'><strong>⁴letned,nooo</strong></span> <span class='ocrx_word' id='word_1_272' title='bbox 901 3973 1063 4027; x_wconf 78' lang='lat' dir='ltr'><strong>5ctueA</strong></span> <span class='ocrx_word' id='word_1_273' title='bbox 1133 3970 1455 4041; x_wconf 60' lang='lat' dir='ltr'><strong>astuteqreoueeov</strong></span> 
     </span>
     <span class='ocr_line' id='line_1_34' title="bbox 312 4057 1455 4128; baseline 0.002 -15"><span class='ocrx_word' id='word_1_274' title='bbox 312 4060 329 4113; x_wconf 87' lang='lat'>9</span> <span class='ocrx_word' id='word_1_275' title='bbox 347 4059 437 4110; x_wconf 86' lang='lat' dir='ltr'><strong>temen</strong></span> <span class='ocrx_word' id='word_1_276' title='bbox 459 4057 497 4112; x_wconf 81' lang='lat' dir='ltr'><strong>Oc</strong></span> <span class='ocrx_word' id='word_1_277' title='bbox 549 4057 640 4126; x_wconf 86' lang='lat' dir='ltr'><strong>quam]</strong></span> <span class='ocrx_word' id='word_1_278' title='bbox 660 4057 706 4112; x_wconf 90' lang='lat' dir='ltr'><strong>sed</strong></span> <span class='ocrx_word' id='word_1_279' title='bbox 726 4058 765 4113; x_wconf 78' lang='lat' dir='ltr'><strong>Co</strong></span> <span class='ocrx_word' id='word_1_280' title='bbox 821 4061 850 4113; x_wconf 92' lang='lat' dir='ltr'><strong>ll</strong></span> <span class='ocrx_word' id='word_1_281' title='bbox 865 4057 939 4126; x_wconf 88' lang='lat' dir='ltr'><strong>fidei]</strong></span> <span class='ocrx_word' id='word_1_282' title='bbox 952 4059 1078 4114; x_wconf 68' lang='lat' dir='ltr'><strong>comtum</strong></span> <span class='ocrx_word' id='word_1_283' title='bbox 1090 4059 1118 4112; x_wconf 88' lang='lat' dir='ltr'><strong>et</strong></span> <span class='ocrx_word' id='word_1_284' title='bbox 1129 4065 1329 4128; x_wconf 74' lang='lat' dir='ltr'><strong>terscpueatem</strong></span> <span class='ocrx_word' id='word_1_285' title='bbox 1348 4077 1401 4115; x_wconf 84' lang='lat' dir='ltr'><strong>om.</strong></span> <span class='ocrx_word' id='word_1_286' title='bbox 1418 4059 1455 4115; x_wconf 75' lang='lat' dir='ltr'><strong>(lo</strong></span> 
     </span>
     <span class='ocr_line' id='line_1_35' title="bbox 314 4144 1454 4214; baseline -0.001 -15"><span class='ocrx_word' id='word_1_287' title='bbox 314 4144 548 4212; x_wconf 87' lang='lat' dir='ltr'><strong>13prospexerito</strong></span> <span class='ocrx_word' id='word_1_288' title='bbox 600 4147 628 4199; x_wconf 93' lang='lat' dir='ltr'><strong>et</strong></span> <span class='ocrx_word' id='word_1_289' title='bbox 639 4163 719 4202; x_wconf 76' lang='lat' dir='ltr'><strong>omo</strong></span> <span class='ocrx_word' id='word_1_290' title='bbox 773 4147 805 4199; x_wconf 87' lang='grc'><strong>16</strong></span> <span class='ocrx_word' id='word_1_291' title='bbox 817 4144 974 4212; x_wconf 89' lang='lat' dir='ltr'><strong>possessoris</strong></span> <span class='ocrx_word' id='word_1_292' title='bbox 991 4145 1029 4200; x_wconf 83' lang='lat' dir='ltr'><strong>Oc</strong></span> <span class='ocrx_word' id='word_1_293' title='bbox 1083 4148 1114 4201; x_wconf 82' lang='lat'><strong>17</strong></span> <span class='ocrx_word' id='word_1_294' title='bbox 1128 4145 1252 4214; x_wconf 88' lang='lat' dir='ltr'><strong>plurimis</strong></span> <span class='ocrx_word' id='word_1_295' title='bbox 1269 4145 1306 4201; x_wconf 76' lang='lat' dir='ltr'><strong>Co</strong></span> <span class='ocrx_word' id='word_1_296' title='bbox 1360 4149 1392 4202; x_wconf 87' lang='grc'><strong>21</strong></span> <span class='ocrx_word' id='word_1_297' title='bbox 1408 4145 1454 4199; x_wconf 82' lang='lat' dir='ltr'><strong>illa</strong></span> 
     </span>
     <span class='ocr_line' id='line_1_36' title="bbox 312 4229 1454 4302; baseline 0.003 -18"><span class='ocrx_word' id='word_1_298' title='bbox 312 4229 401 4284; x_wconf 78' lang='lat' dir='ltr'><strong>anime</strong></span> <span class='ocrx_word' id='word_1_299' title='bbox 418 4233 459 4283; x_wconf 89' lang='lat' dir='ltr'><strong>est</strong></span> <span class='ocrx_word' id='word_1_300' title='bbox 477 4247 493 4284; x_wconf 88' lang='lat' dir='ltr'><strong>a</strong></span> <span class='ocrx_word' id='word_1_301' title='bbox 511 4230 559 4284; x_wconf 90' lang='lat' dir='ltr'><strong>deo</strong></span> <span class='ocrx_word' id='word_1_302' title='bbox 581 4231 619 4286; x_wconf 85' lang='lat' dir='ltr'><strong>Oo</strong></span> <span class='ocrx_word' id='word_1_303' title='bbox 688 4233 722 4288; x_wconf 94' lang='grc'><strong>22</strong></span> <span class='ocrx_word' id='word_1_304' title='bbox 740 4230 864 4300; x_wconf 89' lang='lat' dir='ltr'><strong>proximi]</strong></span> <span class='ocrx_word' id='word_1_305' title='bbox 884 4229 993 4284; x_wconf 85' lang='lat' dir='ltr'><strong>alterius</strong></span> <span class='ocrx_word' id='word_1_306' title='bbox 1015 4231 1053 4288; x_wconf 81' lang='lat' dir='ltr'><strong>Oe</strong></span> <span class='ocrx_word' id='word_1_307' title='bbox 1121 4234 1156 4287; x_wconf 83' lang='lat'><strong>23</strong></span> <span class='ocrx_word' id='word_1_308' title='bbox 1174 4233 1254 4286; x_wconf 85' lang='lat' dir='ltr'><strong>tacite</strong></span> <span class='ocrx_word' id='word_1_309' title='bbox 1272 4249 1322 4288; x_wconf 84' lang='lat' dir='ltr'><strong>om.</strong></span> <span class='ocrx_word' id='word_1_310' title='bbox 1337 4233 1375 4302; x_wconf 88' lang='lat' dir='ltr'><strong>B,</strong></span> <span class='ocrx_word' id='word_1_311' title='bbox 1393 4239 1454 4287; x_wconf 73' lang='lat' dir='ltr'><strong>aee</strong></span> 
     </span>
     <span class='ocr_line' id='line_1_37' title="bbox 312 4316 1451 4390; baseline 0.002 -20"><span class='ocrx_word' id='word_1_312' title='bbox 312 4316 421 4371; x_wconf 83' lang='lat' dir='ltr'><strong>alterius</strong></span> <span class='ocrx_word' id='word_1_313' title='bbox 438 4323 525 4372; x_wconf 73' lang='lat' dir='ltr'><strong>exstat</strong></span> <span class='ocrx_word' id='word_1_314' title='bbox 542 4319 573 4372; x_wconf 77' lang='lat' dir='ltr'><strong>ip</strong></span> <span class='ocrx_word' id='word_1_315' title='bbox 594 4319 632 4374; x_wconf 80' lang='lat' dir='ltr'><strong>Oe</strong></span> <span class='ocrx_word' id='word_1_316' title='bbox 702 4319 776 4372; x_wconf 89' lang='lat' dir='ltr'><strong>cuius</strong></span> <span class='ocrx_word' id='word_1_317' title='bbox 795 4316 1071 4374; x_wconf 81' lang='lat' dir='ltr'><strong>feruor-exsuscitat</strong></span> <span class='ocrx_word' id='word_1_318' title='bbox 1091 4319 1155 4375; x_wconf 83' lang='lat' dir='ltr'><strong>cdd.</strong></span> <span class='ocrx_word' id='word_1_319' title='bbox 1174 4319 1201 4374; x_wconf 90' lang='grc' dir='ltr'><strong><em>Β</em></strong></span> <span class='ocrx_word' id='word_1_320' title='bbox 1218 4321 1249 4374; x_wconf 78' lang='lat' dir='ltr'><strong>iu</strong></span> <span class='ocrx_word' id='word_1_321' title='bbox 1267 4337 1352 4389; x_wconf 80' lang='lat' dir='ltr'><strong>marg.</strong></span> <span class='ocrx_word' id='word_1_322' title='bbox 1371 4321 1451 4390; x_wconf 76' lang='lat' dir='ltr'><strong>infer.</strong></span> 
     </span>
     <span class='ocr_line' id='line_1_38' title="bbox 311 4405 1251 4477; baseline 0.001 -16"><span class='ocrx_word' id='word_1_323' title='bbox 311 4406 345 4461; x_wconf 92' lang='grc'><strong>28</strong></span> <span class='ocrx_word' id='word_1_324' title='bbox 363 4419 417 4461; x_wconf 86' lang='lat' dir='ltr'><strong>non</strong></span> <span class='ocrx_word' id='word_1_325' title='bbox 435 4421 485 4462; x_wconf 85' lang='lat' dir='ltr'><strong>om.</strong></span> <span class='ocrx_word' id='word_1_326' title='bbox 499 4406 527 4461; x_wconf 88' lang='lat' dir='ltr'><strong><em>B</em></strong></span> <span class='ocrx_word' id='word_1_327' title='bbox 580 4405 638 4475; x_wconf 83' lang='lat' dir='ltr'><strong>red]</strong></span> <span class='ocrx_word' id='word_1_328' title='bbox 657 4408 685 4460; x_wconf 90' lang='lat' dir='ltr'><strong>et</strong></span> <span class='ocrx_word' id='word_1_329' title='bbox 701 4405 765 4462; x_wconf 82' lang='lat' dir='ltr'><strong>add.</strong></span> <span class='ocrx_word' id='word_1_330' title='bbox 779 4407 806 4460; x_wconf 77' lang='lat' dir='ltr'><strong><em>A</em></strong></span> <span class='ocrx_word' id='word_1_331' title='bbox 859 4407 894 4462; x_wconf 82' lang='lat'><strong>30</strong></span> <span class='ocrx_word' id='word_1_332' title='bbox 911 4408 1017 4477; x_wconf 82' lang='lat' dir='ltr'><strong>etpost</strong></span> <span class='ocrx_word' id='word_1_333' title='bbox 1035 4406 1129 4462; x_wconf 79' lang='lat' dir='ltr'><strong>abidal</strong></span> <span class='ocrx_word' id='word_1_334' title='bbox 1146 4407 1210 4463; x_wconf 82' lang='lat' dir='ltr'><strong>edd.</strong></span> <span class='ocrx_word' id='word_1_335' title='bbox 1224 4409 1251 4463; x_wconf 77' lang='lat' dir='ltr'><strong><em>A</em></strong></span> 
     </span>
    </p>
   </div>
   <div class='ocr_carea' id='block_1_5' title="bbox 0 0 1643 5142">
    <p class='ocr_par' dir='ltr' id='par_1_9' title="bbox 0 0 1643 5142">
     <span class='ocr_line' id='line_1_39' title="bbox 0 0 1643 5142; baseline 0 0"><span class='ocrx_word' id='word_1_336' title='bbox 0 0 1643 5142; x_wconf 95' lang='lat' dir='ltr'><strong> </strong></span> 
     </span>
    </p>
   </div>
  </div>
 </body>
</html>
