3222 5144
625 519 690 573 ῙΠῙ.
710 519 818 574 Sermo
838 521 878 576 13.
1256 519 1320 584 275

180 695 341 777 spiritus
359 695 484 776 patris
508 695 639 774 uestri,
663 695 724 776 qui
748 696 916 777 loquitur
939 695 974 756 in
998 693 1114 758 uobis.
1160 712 1230 758 caro
1247 713 1335 790 ergo,

179 799 357 880 patiebatur
374 802 406 862 et
428 798 553 880 spiritus
576 797 763 881 loquebatur
779 803 809 862 et
831 799 977 880 loquente
1000 798 1110 880 spiritu
1134 816 1195 863 non
1218 799 1319 862 solum

180 902 425 967 conuinoebatur
459 903 618 985 impietas,
657 902 711 966 sed
746 903 840 966 etiam
874 901 1108 966 confortabatur
1145 901 1318 966 infirmitas,

179 1007 343 1072 clariorem
366 1006 456 1071 nobis
480 1011 650 1089 martyrem
673 1009 830 1070 tormenta
852 1005 1017 1069 faciebant.
1064 1006 1228 1087 multiplici
1251 1007 1320 1070 uul-

181 1130 294 1176 nerum
321 1111 472 1174 uarietate
496 1111 659 1175 confossus
687 1129 749 1174 uon
773 1109 936 1174 deserebat
962 1128 1111 1193 pugnam,
1141 1110 1195 1174 sed
1218 1111 1320 1174 acrius
1346 1139 1359 1178 e

179 1215 323 1280 iterabat.
368 1219 506 1298 patarea,
530 1215 610 1297 quod
634 1233 706 1278 eum
730 1215 856 1278 duraret
878 1213 1015 1294 flamma,
1039 1232 1100 1277 non
1129 1218 1267 1278 exureret
1290 1217 1321 1278 et

180 1323 345 1401 tamquam
368 1318 456 1403 figuli
478 1319 586 1383 fornax
609 1319 906 1401 lutumsusoipiens
930 1318 1024 1382 molle
1047 1317 1156 1381 duram
1180 1318 1322 1382 redderet

181 1427 307 1486 testam.
349 1427 471 1505 poterat
493 1426 612 1505 martyr
635 1427 740 1487 nostor
763 1422 862 1486 dicere
885 1422 1034 1486 Datiano:
1063 1422 1125 1484 iam
1150 1440 1211 1486 non
1234 1427 1321 1486 curat

179 1527 269 1610 ignes
294 1532 363 1592 tuos
387 1545 457 1591 curo
481 1545 561 1608 mea,
585 1527 657 1609 quia
679 1528 824 1590 exaruit
847 1527 944 1590 siout
966 1531 1065 1591 testa
1087 1526 1210 1590 uirtus
1231 1546 1318 1591 mea.

181 1634 215 1694 et
236 1631 383 1713 quoniam
405 1631 558 1696 ueraciter
581 1631 733 1714 scriptum
757 1634 819 1694 est:
850 1648 942 1720 uasa
963 1629 1073 1714 figuli
1096 1629 1229 1712 probat
1251 1631 1321 1694 for·
1348 1661 1373 1699 10

181 1754 250 1799 nar
267 1739 303 1799 et
325 1735 492 1799 homines
513 1735 632 1799 iustos
652 1735 851 1818 temptatio
874 1733 1148 1814 tribulationis,
1171 1733 1320 1816 probatus

180 1843 231 1903 est
254 1843 346 1920 atque
369 1839 515 1904 decoctus
539 1842 587 1903 est
607 1839 659 1903 illo
675 1839 746 1923 igne
760 1838 956 1918 Uinoentius,
980 1838 1133 1902 Datianus
1156 1855 1229 1902 uero
1246 1840 1322 1902 arsit

181 1948 216 2007 et
238 1943 400 2025 increpuit.
432 1943 559 2008 sienim
584 1960 646 2006 non
671 1942 809 2022 ardebat,
832 1942 915 2006 unde
938 1940 1101 2006 fumabat?
1136 1943 1209 2023 quid
1233 1947 1322 2007 erant

180 2047 280 2112 uerba
314 2049 477 2113 irascentis
512 2049 572 2112 nisi
606 2049 711 2112 fumus
743 2048 902 2112 ardentis?
948 2065 1021 2130 ergo
1053 2047 1183 2130 martyri
1216 2051 1321 2112 nostro

180 2151 379 2235 refrigerium
407 2153 439 2216 in
463 2152 553 2216 corde
581 2151 710 2216 habenti
737 2151 881 2215 flammas
910 2151 1100 2214 extrinsecus
1124 2150 1321 2232 admouebat,
1350 2179 1374 2220 a

181 2257 238 2321 sed
261 2257 327 2339 ipse
354 2256 475 2320 facibus
502 2257 615 2320 furoris
639 2274 789 2320 accensus
817 2259 978 2337 tamquam
1002 2253 1143 2320 olibanus
1166 2257 1250 2320 intus
1273 2274 1323 2320 ar·

181 2360 277 2424 debat
299 2364 331 2425 et
352 2361 561 2425 habitatorem
585 2379 678 2424 suum
701 2359 861 2424 diabolum
884 2359 1113 2424 concremabat.
1151 2379 1206 2442 per
1228 2360 1322 2424 furio-

180 2481 233 2528 sas
258 2465 342 2528 enim
365 2465 493 2529 Datiani
514 2481 617 2546 necea,
646 2483 701 2548 per
723 2467 827 2528 truces
851 2465 966 2544 oculos,
995 2465 1132 2528 minaces
1160 2465 1267 2529 uultus
1291 2471 1323 2530 et

182 2569 279 2633 totius
307 2571 442 2653 corporis
471 2574 573 2634 motus
601 2570 653 2633 ille
683 2569 841 2634 habitator
869 2569 934 2632 eius
961 2569 1087 2633 interior
1115 2588 1147 2633 se
1176 2570 1323 2634 mouebat

182 2677 217 2736 et
238 2691 292 2756 per·
314 2673 391 2737 haec
414 2674 504 2757 signa
526 2673 665 2738 uisibilia
687 2677 849 2755 tamquam
871 2693 926 2756 per
949 2674 997 2737 sui
1020 2673 1148 2754 uascub,
1171 2673 1253 2755 quod
1276 2675 1321 2738 in·
1348 2701 1375 2740 so

182 2777 335 2860 pleuerat,
358 2782 520 2860 crepantes
541 2777 670 2842 rimulas
694 2777 891 2860 prodebatur.
924 2795 985 2841 non
1009 2781 1131 2841 tantum
1152 2781 1322 2860 martyrem

182 2880 343 2946 cruciabat
364 2880 502 2963 flamma,
525 2885 679 2964 quantum
702 2882 792 2946 illum
816 2881 961 2946 uastabat
984 2881 1115 2946 insania.

228 2983 287 3050 Sed
309 2986 382 3066 iam,
413 2987 537 3066 fratres,
567 2986 621 3050 illa
643 2986 749 3050 omnia
779 2987 978 3067 transierunt,
1009 2989 1039 3050 et
1067 2985 1113 3050 ira
1139 2986 1266 3050 Datiani
1293 2991 1323 3052 et

183 3107 286 3173 poena
306 3089 472 3155 Uincentii.
519 3093 625 3154 manet
647 3093 755 3154 autem
782 3107 882 3173 poena
904 3089 1031 3154 Datiani
1059 3094 1090 3154 et
1112 3108 1225 3156 corona
1247 3091 1323 3156 Uin·

183 3194 288 3258 centii.
334 3193 466 3277 denique
493 3198 528 3258 ut
554 3195 782 3278 praetermissis
809 3195 934 3259 interim
961 3195 1084 3258 futurae
1112 3195 1323 3260 retributionis
1349 3221 1375 3261 ee

184 3297 299 3362 linibus
321 3299 415 3364 etiam
438 3300 470 3364 in
493 3300 551 3364 hoc
573 3299 688 3363 mundo
712 3303 884 3381 martymm
906 3298 1040 3382 gloriam
1063 3299 1322 3381 demonstremus,

290 3479 318 3550 9]
337 3478 435 3534 Psalm.
448 3483 490 3544 21,
507 3483 546 3536 lo.
602 3480 644 3549 lo]
664 3479 745 3534 Ecoli.
758 3483 800 3543 27,
813 3483 837 3535 6.

217 3655 245 3708 ,1
265 3655 353 3722 patres
371 3653 401 3707 D
453 3655 529 3708 dtot
546 3659 608 3708 ante
626 3656 760 3708 tormenta
778 3653 840 3708 add.
855 3654 925 3724 Aup.
980 3652 1244 3725 boonfoesusAup.,
1262 3672 1323 3710 con·

184 3738 304 3794 fusuaD
357 3741 552 3796 deaurarotD
605 3739 855 3810 iredderetAap„
874 3738 967 3793 reddet
985 3740 1014 3794 D
1065 3741 1156 3796 Surit
1174 3741 1243 3809 ignis
1262 3745 1324 3796 tuus

184 3841 293 3880 carnem
311 3841 397 3880 meam
416 3829 487 3895 nep.
560 3829 593 3882 12
615 3826 771 3895 uiugeutiue
789 3828 819 3881 D
890 3828 921 3882 13
944 3825 1078 3895 fumabat]
1101 3826 1234 3881 clamabat
1252 3830 1323 3899 Aap.

184 3913 307 3967 eruntD
360 3915 392 3968 15
405 3911 565 3968 admouebat
577 3915 656 3983 Aac,
670 3912 854 3968 amouebatD
902 3915 934 3968 16
951 3911 1110 3968 faecibusD
1157 3913 1325 3982 clybanusD

187 4001 220 4054 17
238 3997 387 4054 babituram
406 4002 435 4055 D
499 3999 638 4054 diabolum
657 4001 686 4054 D
749 4003 781 4056 18
799 4003 884 4054 traces
903 3999 1007 4100 oqculos
1025 4001 1055 4054 D
1118 4003 1145 4054 et
1162 4009 1225 4056 autc
1242 4003 1324 4058 fotius

184 4112 327 4180 collocarat,
351 4119 413 4168 uate
436 4111 552 4166 minaces
574 4113 652 4168 babet
671 4113 700 4166 D
771 4116 803 4168 19
822 4117 957 4166 semouaat
974 4113 1011 4180 D,
1035 4111 1234 4167 monstrabatur
1252 4117 1323 4184 Aup.

185 4199 220 4254 20
239 4197 369 4252 uincibilia
388 4199 417 4253 D
478 4215 526 4252 sua
544 4201 583 4254 D¹
642 4201 673 4254 21
695 4197 858 4268 prodebatur
875 4199 982 4268 scripsi,
992 4197 1141 4268 pdiabatur
1160 4201 1196 4268 D,
1215 4199 1324 4254 uideba-

184 4289 231 4338 tur
249 4287 319 4354 Auq.
386 4285 523 4339 martirem
542 4286 571 4340 D
632 4286 666 4340 22
684 4284 819 4340 oruciebat
836 4287 866 4340 D
927 4284 1083 4340 cruciabant
1100 4289 1235 4341 tormenta
1251 4290 1322 4358 Aup.

184 4373 221 4428 23
239 4371 292 4426 iam
311 4371 391 4442 Aap„
410 4373 491 4426 etiam
504 4373 534 4428 D
586 4373 804 4428 transsiemntD
856 4377 884 4427 et
901 4389 969 4442 pena
986 4375 1107 4444 uingenti
1126 4379 1217 4428 manet
1234 4378 1324 4428 autam

186 4475 255 4530 pena
264 4457 358 4513 tatiani
369 4459 432 4514 odd.
444 4460 484 4514 D’
493 4461 524 4514 in
533 4477 617 4530 uturp.
654 4460 858 4528 liningentiD
891 4463 925 4516 25
936 4461 1112 4532 ptarmisisD
1147 4465 1180 4517 26
1192 4461 1325 4517 firibusD

1122 4551 1168 4600 18*
