3320 5140
345 467 432 523 XXVI
792 469 1032 536 Prolegomena.

344 647 524 712 collectione
548 647 720 729 quaerItur,
750 646 808 708 nisi
832 647 912 710 forte
935 645 1190 726 comprobantur,
1219 663 1297 726 quac
1320 645 1340 708 l.
1364 645 1383 708 1.
1408 663 1481 708 445-

343 752 411 832 ieci,
432 769 507 816 noce
528 751 680 835 epistulae
700 768 877 815 sermonem
898 751 1053 832 quendam
1067 749 1176 814 Fausti
1192 767 1210 814 4
1225 747 1369 814 Caesario
1385 749 1481 832 signi·

323 857 438 920 ,114411

386 961 455 1024 Iam
478 961 515 1024 de
539 961 681 1044 epistulis
704 963 858 1043 quantum
881 960 955 1024 satis
979 959 1095 1022 dictum
1119 976 1187 1022 esse
1208 957 1268 1021 rati
1288 975 1350 1022 uno
1369 957 1479 1022 obtutu

343 1065 568 1148 componimus,
592 1083 653 1147 quo
677 1069 816 1149 ternpore
836 1064 978 1148 singulae
998 1063 1150 1146 epistulae
1171 1062 1303 1145 scriptae
1324 1063 1395 1143 sint,
1418 1063 1479 1144 nel,

343 1189 420 1252 quac
444 1169 482 1233 ad
505 1173 648 1252 tempora
670 1169 846 1234 definienda
868 1169 986 1251 aliquid
1008 1168 1112 1232 ualere
1135 1167 1302 1232 credimus.

384 1274 528 1357 Epistula
551 1274 567 1338 I
591 1274 706 1356 scripta
728 1293 747 1338 a
768 1273 884 1338 Fausto
911 1275 1054 1358 episcopo
1082 1275 1154 1337 ante
1181 1272 1347 1338 concilium
1368 1270 1479 1336 Arela-

342 1384 432 1444 tense
455 1397 537 1444 anno
560 1380 624 1443 lere
647 1376 800 1458 4121413.

385 1503 432 1566 ep.
448 1485 481 1547 Π
504 1485 619 1566 scripta
641 1483 790 1546 ahucido
812 1480 995 1565 presbytero
1018 1485 1089 1566 post
1111 1481 1277 1546 concilium
1292 1479 1478 1547 Arelatense

340 1607 421 1654 anno
443 1589 508 1653 sere
530 1587 604 1652 473.

384 1713 431 1776 ep.
448 1694 496 1757 III
520 1693 636 1776 scripta
659 1711 677 1756 a
699 1692 814 1756 Fausto
839 1691 981 1774 episcopo
1005 1709 1086 1754 anno
1109 1690 1173 1754 iere
1196 1687 1269 1753 468.

384 1818 431 1880 ep.
449 1799 515 1862 IIII
538 1798 655 1881 scripta
677 1817 695 1862 4
718 1796 848 1860 Ρ451154
872 1795 1097 1879 Burdogalensi
1120 1798 1192 1858 ante
1216 1813 1262 1876 ep.
1279 1793 1318 1857 V.

384 1903 476 1985 ep.V
500 1903 617 1985 scripta
640 1919 659 1966 a
682 1901 798 1965 Fausto
821 1901 966 1983 episcopo
987 1903 1060 1981 post
1083 1917 1201 1963 annum
1222 1895 1296 1961 468.

384 2025 430 2091 ep.
448 2007 493 2070 VI
517 2009 633 2090 scripta
656 2024 674 2070 a
695 2006 812 2070 Fausto
836 2005 1006 2068 exsulante.

383 2131 429 2195 ep.
447 2111 509 2176 VH
532 2113 647 2193 scripta
670 2129 689 2175 a
710 2111 826 2174 Fausto
854 2108 966 2174 41111414
994 2105 1066 2172 ante
1094 2126 1211 2172 annum
1238 2105 1302 2169 448
1329 2104 1476 2171 541451.

383 2237 429 2300 ep.
447 2216 525 2280 VIII
549 2216 630 2279 4111
654 2201 787 2297 scriptae
810 2231 829 2278 a
852 2214 968 2278 Fausto
992 2214 1134 2295 episcopo
1157 2215 1230 2276 ante
1254 2211 1405 2276 exsilium.

383 2341 429 2404 ep.
447 2321 542 2386 VIIII
566 2321 680 2404 scripta
707 2337 725 2383 a
747 2319 863 2383 Fausto
892 2319 1053 2383 exsulante
1080 2317 1119 2382 ad
1141 2316 1300 2382 Ruricium
1329 2317 1476 2382 clericum

338 2427 457 2489 lactum
483 2429 554 2489 ante
577 2444 695 2489 annum
718 2421 792 2487 479.

381 2548 427 2612 ep.
446 2530 491 2593 XI
515 2529 632 2611 scripta
656 2548 674 2592 4
695 2530 812 2592 Fausto
836 2547 870 2591 ex
895 2527 1001 2590 exsilio
1025 2543 1149 2590 reuerso
1171 2530 1243 2608 post
1265 2545 1312 2609 ep.
1329 2525 1400 2590 XII.

382 2655 428 2718 ep.
445 2634 508 2698 XII
531 2635 647 2716 scripta
669 2652 688 2698 a
710 2634 825 2697 Fausto
848 2629 957 2696 4485
981 2632 1071 2696 modo
1095 2650 1131 2695 ex
1155 2631 1261 2696 exsilio
1284 2649 1419 2695 reuerso.

381 2739 532 2804 Faustum
561 2739 739 2803 homilias
768 2755 890 2820 quoque
918 2737 1079 2818 scripsisse
1106 2737 1188 2800 15141
1211 2753 1319 2800 415544
1343 2739 1474 2816 4454141,

337 2863 527 2926 quamquam
555 2843 631 2907 nihil
659 2843 695 2906 de
723 2843 782 2906 1144
809 2861 842 2905 14
865 2840 960 2905 habet
982 2840 1174 2922 Gennadius
1205 2841 1292 2905 cuius
1315 2841 1474 2904 silentium

336 2967 431 3030 supra
452 2969 481 3030 p.
498 2947 590 3012 XXII
613 2947 684 3011 inde
700 2947 912 3030 repetiuimus‚
924 2943 1016 3027 ¹quod
1034 2945 1168 3010 Faustus
1189 2963 1241 3010 eas
1258 2945 1395 3010 nondum
1412 2945 1475 3009 edi·

337 3053 417 3116 disse
441 3053 572 3132 uidetur,
600 3070 672 3115 curn
696 3050 877 3116 Gennadius
904 3051 1080 3134 catalogum
1108 3050 1250 3114 coniecit.
1289 3049 1409 3133 egimus
1437 3049 1474 3113 de

335 3157 443 3221 Fausti
466 3155 662 3221 sermonibus
685 3157 717 3220 in
740 3155 851 3219 studiis
874 3155 988 3218 nostris
1012 3155 1049 3218 de
1065 3154 1173 3218 Fausti
1196 3155 1319 3237 scriptis
1341 3173 1372 3237 p.
1388 3152 1474 3218 41-

339 3259 400 3323 102
423 3262 467 3325 114
494 3267 537 3341 51,
566 3263 717 3342 quotquot
740 3277 759 3323 4
780 3258 940 3323 ueteribus
963 3258 1250 3340 recentioribusque
1273 3257 1473 3340 scriptoribus

335 3367 451 3430 Fausto
479 3365 725 3444 ascribebantur,
754 3363 972 3446 colligeremus
995 3363 1213 3445 collectosque,
1241 3381 1318 3428 num
1344 3362 1473 3447 genuini

336 3475 452 3550 essent,
467 3471 724 3534 examinaremus.
750 3473 780 3531 et
793 3468 870 3532 duas
883 3468 1026 3552 inprimis
1038 3468 1239 3532 homiliarum
1251 3468 1473 3532 Faustinarum

335 3575 532 3639 collectiones
562 3577 683 3637 exstare
707 3572 911 3652 ostendimus,
938 3590 1035 3636 unam
1059 3589 1077 3635 a
1099 3573 1216 3638 Ioanne
1240 3571 1390 3656 Gaigneio
1413 3572 1473 3636 Pa·

335 3680 419 3743 risiis
443 3697 524 3743 anno
551 3675 631 3740 1541
658 3697 694 3741 ex
717 3677 859 3741 codicum
882 3677 1064 3740 auctoritate
1086 3676 1215 3741 11544111
1237 3677 1373 3760 episcopi
1387 3677 1473 3740 Emi-

335 3785 402 3847 seni
432 3783 558 3847 nomine
588 3781 727 3865 primum
750 3781 876 3862 editam,
907 3799 986 3863 quae
1009 3779 1211 3845 4451154156
1235 3797 1404 3861 sermones,
1432 3781 1471 3844 ab

334 3889 461 3952 Andrea
477 3886 605 3952 Schotto
628 3887 660 3950 in
677 3885 891 3950 Bibliothecae
914 3889 1038 3967 patrum
1055 3883 1248 3950 Coloniensis
1264 3889 1349 3950 tomo
1364 3887 1471 3968 quinto

336 3991 375 4054 18
403 3991 600 4056 sermonibus
627 3991 753 4075 partim,
781 3991 895 4074 partim
926 4006 1106 4054 sermonum
1130 3991 1314 4074 hagmentis
1337 3993 1471 4072 auctam,

333 4097 464 4162 alteram
492 4096 595 4160 codice
618 4096 805 4160 Dnrlacensi
828 4093 918 4158 536
946 4098 1114 4174 seruatam,
1145 4113 1224 4176 qnae
1252 4091 1295 4157 22
1324 4094 1471 4159 homilias

333 4201 550 4284 complectitur
574 4204 607 4264 et
629 4219 726 4282 usque
750 4200 850 4264 adhuc
867 4200 949 4263 edita
965 4217 1026 4263 non
1043 4203 1100 4279 est,
1124 4217 1314 4281 quamquam
1330 4200 1471 4283 singulae

333 4306 478 4370 homiliae
505 4305 598 4369 uariis
627 4305 811 4387 scriptorum
840 4303 1017 4367 nominibus
1042 4304 1209 4386 insignitae
1237 4303 1367 4368 diuersis
1394 4304 1470 4369 locis

333 4411 433 4474 editae
464 4413 595 4474 exstant.
635 4410 696 4472 hue
728 4409 879 4472 accedunt
910 4426 1024 4472 nouem
1054 4409 1100 4472 1111
1135 4426 1293 4472 sermones
1328 4426 1347 4472 a
1379 4408 1469 4474 nobis
