3320 5140
647 485 886 554 Prolegomena.
1250 485 1335 540 LXIX

197 682 360 729 occurrere
391 662 515 728 iubetur
546 663 589 746 (p.
605 659 679 742 410,
696 659 730 736 33
754 660 793 726 cf.
811 679 906 744 supra
928 682 956 744 p.
979 660 1088 745 LXV).
1134 661 1282 726 Leontius
1307 665 1337 725 et

197 767 390 833 Aurelianus
413 769 487 850 quin
505 767 620 832 Ruricii
643 766 699 830 tilii
721 767 860 830 carnales
884 765 1008 846 luerint,
1033 766 1175 848 equidem
1199 784 1260 830 non
1280 765 1336 829 du·

195 873 273 936 bito.
313 876 403 936 erant
425 873 510 936 onim
533 871 614 955 apud
635 870 829 935 Uictorinum
853 871 1032 954 episcopum
1055 871 1187 934 fortasse
1210 870 1336 934 Foroiu-

196 977 341 1057 licnsem,
373 977 426 1058 qui
448 976 627 1040 nominatur
650 977 681 1039 in
704 975 781 1039 actis
804 975 926 1039 concilii
948 974 1140 1058 Agathensis
1168 993 1249 1039 anno
1272 973 1335 1038 506

196 1081 306 1160 habiti,
338 1081 386 1145 cui
417 1083 522 1145 111111
553 1099 614 1145 111
644 1080 711 1162 ipso
741 1079 892 1160 interfuit,
923 1079 978 1142 sod
1006 1078 1178 1143 Iohannem
1207 1079 1336 1162 presby-

197 1179 302 1249 terum
317 1185 464 1269 Agathan
489 1185 583 1248 misit.
623 1184 662 1248 ad
677 1183 872 1248 Uictorinum
896 1183 989 1266 igitur
1011 1183 1094 1246 hunc
1116 1184 1235 1246 litteras
1259 1184 1335 1248 dans

196 1289 341 1354 Ruricius
365 1289 438 1352 dicit
461 1286 681 1373 (p.425,13):
706 1285 751 1349 acl
772 1285 954 1372 aagendam
975 1286 1063 1348 circa
1085 1307 1142 1349 uos
1166 1287 1335 1350 caritatem
1404 1306 1406 1312 ·

197 1401 341 1456 uestram
364 1391 428 1456 cluo
453 1391 580 1455 lumina
602 1399 715 1455 nostra
735 1389 894 1468 detinetis,
917 1388 1138 1454 Aurelianum
1154 1389 1225 1454 dieo
1241 1401 1334 1476 atque

196 1495 376 1576 Leontium,
402 1501 433 1562 11
455 1495 692 1579 paulopost(p.
709 1493 870 1577 425,21):
895 1516 980 1581 rapo,
1003 1504 1040 1557 ut
1058 1493 1231 1580 praefatos
1255 1493 1334 1558 dul·

195 1601 372 1663 cissimoo
395 1598 574 1663 stimulos
593 1599 768 1684 pectoris
790 1599 861 1662 mei
882 1608 991 1662 nostro
1014 1599 1141 1662 nomiae
1162 1599 1334 1684 sospitetis,

197 1725 278 1789 quae
302 1705 398 1770 uerba
421 1705 481 1770 nisi
504 1705 541 1768 de
565 1703 636 1769 liliis
660 1703 836 1768 carnalibus
860 1703 995 1768 scribere
1019 1721 1080 1768 non
1104 1705 1214 1787 potuit.
1257 1705 1334 1768 adde

196 1811 280 1892 quod
306 1811 338 1874 in
366 1810 500 1892 epistula
523 1806 619 1872 1149
647 1809 685 1873 16
707 1807 925 1890 Aprunculum
954 1807 1133 1890 episcopum
1155 1807 1334 1872 Aruernum

195 1916 271 1978 data
285 1915 420 1998 legimus
436 1911 565 1996 ((1432,
581 1912 627 1996 1);
644 1911 730 1975 uado
742 1933 805 1997 per
818 1911 973 1974 lemniacos
982 1910 1081 1996 filii
1097 1911 1167 1974 roei
1183 1911 1335 1975 Leontii

196 2018 258 2081 tas
280 2017 326 2080 ad
348 2015 567 2102 apostolatum
589 2025 734 2080 uestrum
757 2015 844 2093 clodi,
868 2016 921 2080 ubi
944 2019 1065 2099 patrem
1086 2016 1123 2079 dc
1139 2015 1194 2080 filii
1209 2017 1334 2081 homine

196 2123 333 2205 quodam
363 2123 447 2205 loqui
476 2141 538 2186 non
567 2125 615 2186 est
641 2122 829 2202 mirandum,
860 2121 940 2203 quod
964 2121 1045 2204 apud
1067 2121 1227 2186 Aruernos
1251 2139 1335 2185 com·

195 2228 303 2310 plnres
326 2227 463 2291 familiae
486 2226 672 2290 Ruricianao
696 2226 786 2289 amici
809 2229 908 2306 erant,
939 2225 977 2288 de
1001 2225 1112 2307 quibus
1137 2243 1207 2289 mor
1230 2225 1335 2290 dicon·

195 2332 272 2395 dum
295 2335 352 2412 est,
377 2335 468 2413 atque
492 2329 668 2396 Ommatius
692 2333 723 2394 et
745 2329 914 2412 Rparehius
938 2329 1061 2410 fratruo,
1089 2329 1128 2393 ad
1151 2347 1227 2412 quos
1251 2330 1335 2393 lacili

196 2437 323 2519 negotio
354 2436 513 2500 hominem
543 2434 692 2498 Leontius
724 2433 806 2516 apud
835 2433 1032 2498 Uictorinum
1062 2433 1177 2517 degens
1211 2434 1334 2498 mittere

195 2543 334 2624 potarat,
367 2541 413 2604 ite
445 2543 480 2602 ut
515 2539 605 2602 illum
640 2537 734 2602 etiam
769 2537 929 2602 Ruricium
963 2539 1048 2620 prius
1083 2538 1165 2602 16111
1203 2537 1332 2602 iuberet.

195 2647 340 2728 ignotum
364 2647 413 2708 cst
435 2661 549 2707 nomen
572 2643 655 2706 filiae
671 2642 798 2722 Ruricii,
822 2659 916 2723 quam
939 2642 972 2706 in
995 2641 1229 2706 matrimonium
1249 2643 1335 2706 duxit

194 2749 356 2832 Agricola,
380 2749 418 2812 ad
441 2767 535 2829 quem
559 2747 807 2810 misit'Ruricius
829 2747 993 2828 epistulam
1016 2745 1115 2810 1132.
1138 2747 1169 2810 11
1193 2765 1230 2810 11
1253 2744 1333 2808 dona-

194 2874 274 2914 aam
288 2851 399 2934 filiam
418 2849 511 2914 suain
527 2849 688 2913 desiderio
708 2859 736 2913 et
752 2850 879 2926 honore,
895 2870 956 2934 quo
973 2848 1106 2934 dippum
1121 2859 1174 2926 cst,
1197 2850 1334 2935 sospitat

194 2963 286 3042 pater
308 2955 395 3038 (416,
412 2953 467 3038 24)
495 2959 527 3019 11
553 2952 711 3016 ancillam
738 2954 936 3018 commendat
958 2953 1133 3038 Agricolae,
1160 2975 1241 3038 quae
1269 2952 1333 3017 lor-

193 3061 296 3146 9111111
324 3059 445 3122 diuina
472 3067 624 3143 utrosque
651 3079 708 3121 uos
732 3056 797 3122 sili
813 3057 958 3144 parauit
981 3056 1144 3140 obnoxios,
1172 3079 1230 3120 uos
1253 3079 1333 3121 auos

187 3166 322 3252 faciens
349 3186 413 3227 sua
432 3162 656 3248 fecunditate,
686 3185 743 3226 uos
768 3184 914 3248 proauos
942 3164 984 3247 (p.
1006 3161 1079 3244 416,
1101 3161 1167 3246 23).
1211 3165 1333 3228 intelle·

195 3271 300 3355 genda
327 3273 376 3334 est
397 3269 581 3352 Papianilla,
604 3268 769 3352 Agricolae
799 3266 940 3352 u'uras,¹)
971 3286 1065 3350 quam
1093 3286 1219 3333 uxorem
1247 3269 1333 3332 duxit

196 3375 395 3454 Parthenias,
423 3374 588 3457 Agricolae
612 3373 704 3452 filias,
728 3373 844 3438 Ruricii
867 3390 972 3456 nepos.
1002 3370 1200 3434 dulcissimis
1228 3377 1333 3437 autem

194 3476 366 3564 nepotibus
397 3475 572 3540 Parthenio
608 3485 637 3540 et
668 3475 881 3562 Papianillae
913 3477 1078 3560 epistulam
1110 3477 1251 3541 Ruricius
1286 3478 1333 3541 in·

195 3585 323 3666 scripsit
346 3583 377 3646 Il
400 3580 440 3645 37
466 3581 519 3664 (cl.
537 3582 630 3646 otiam
654 3601 684 3664 p.
700 3579 774 3662 422,
792 3580 835 3665 3).
874 3581 1020 3665 Agricola
1042 3581 1094 3646 illo
1117 3581 1214 3645 frater
1237 3583 1333 3646 fuisso

195 3689 321 3752 uidetur
341 3687 542 3770 Papianillae,
566 3686 667 3750 uxoris
691 3685 818 3767 Sidonii,
842 3689 935 3768 atquo
959 3685 1047 3750 Auiti
1069 3689 1177 3770 postea
1200 3686 1333 3769 impera-

194 3794 272 3858 toris
303 3793 385 3857 lilius
415 3789 856 3874 (ol.Sidoniiep.12etII
883 3789 921 3853 12
949 3795 978 3854 11
1006 3789 1121 3856 Sidonii
1152 3795 1285 3854 stemma
1315 3809 1334 3855 a

195 3899 396 3962 Mommseno
412 3897 444 3960 in
460 3895 650 3978 praefatione
667 3895 705 3960 ad
717 3895 922 3960 Luetiohanni
934 3893 1093 3960 Sidoniam
1109 3914 1138 3977 p.
1153 3895 1332 3960 XXXXVII
1415 3967 1418 3974 ,

235 4087 253 4154 ¹)
271 4085 359 4141 Uerba
375 4085 445 4140 anim
462 4085 564 4139 Ruricii
581 4084 613 4138 ad
630 4084 783 4154 Agricolam
801 4101 825 4154 p.
839 4087 898 4148 416,
911 4086 942 4140 21
962 4091 1000 4152 ut,
1019 4101 1071 4154 111
1090 4101 1148 4139 eona
1165 4087 1333 4156 suscipere

196 4175 267 4228 muti
285 4174 419 4228 maeatis
436 4175 541 4241 affeetu,
558 4189 661 4242 semper
678 4174 794 4240 fossatis
812 4172 923 4226 indultu
946 4170 978 4224 ds
1001 4187 1070 4224 nuru
1088 4173 1201 4236 tantum,
1224 4187 1276 4226 non
1300 4173 1332 4226 do

196 4259 252 4314 filia
270 4259 342 4314 dicta
360 4275 415 4312 1111
432 4263 551 4330 possunt,
570 4261 600 4314 ut
618 4259 673 4328 ipse
686 4259 809 4313 Ruricius
822 4258 873 4312 alio
892 4257 949 4312 loco
967 4259 1002 4328 (p.
1016 4261 1074 4323 375,
1088 4260 1131 4327 26)
1151 4259 1182 4312 de
1195 4277 1242 4313 sua
1255 4277 1332 4324 nuru,

196 4347 252 4401 filia
264 4345 383 4402 Namatil
403 4349 429 4400 11
441 4345 593 4415 amunia,
613 4345 692 4400 dicit:
707 4347 820 4417 perdidi
837 4347 932 4416 filiam,
950 4363 1031 4416 quam
1049 4353 1073 4404 et
1091 4363 1131 4402 me
1148 4349 1333 4418 suscepisse

195 4441 219 4490 et
239 4452 287 4492 uos
304 4435 427 4506 genuisse
444 4435 609 4505 9111111611.
