3320 5140
348 451 435 506 LXIV
792 452 1034 520 Prolegomeua.

348 627 485 711 episcopi
500 626 570 691 fidei
585 628 674 708 ratio,
691 627 817 705 Galesii,
840 627 978 709 Ioannis,
1000 627 1128 712 Agnelli
1144 628 1294 710 opuscula
1309 645 1328 692 a
1342 625 1480 692 Sichario

348 732 438 795 edita.
463 732 527 796 iam
547 733 573 796 si
588 731 714 816 Agnelli
738 732 775 796 de
798 734 917 796 ratione
940 732 1011 796 fidei
1034 731 1158 797 libellus
1174 730 1322 797 Sichardo
1344 735 1424 796 teste
1446 732 1480 796 in

347 836 450 900 codice
474 835 649 900 Treuirensi
673 837 825 917 exstabat,
848 838 979 902 fortasse
1003 837 1094 902 hodie
1118 852 1239 919 quoque
1256 835 1365 900 Fausti
1387 854 1480 919 opus-

347 941 452 1003 culum
467 941 499 1003 in
514 940 703 1005 bibliotheca
718 941 897 1022 Treuircnsi
919 942 1006 1005 latet.
1038 944 1120 1004 certe
1138 959 1174 1004 ca
1190 939 1267 1004 mihi
1282 940 1480 1004 retractanda

346 1047 433 1124 sunt,
465 1062 543 1127 quae
574 1046 647 1110 olim
678 1046 710 1109 in
741 1045 974 1127 quaestiouibus
1005 1045 1119 1110 criticis
1150 1046 1188 1109 de
1217 1045 1326 1109 Fausti
1356 1045 1479 1127 scriptis

345 1148 489 1231 (Ephcm.
506 1169 611 1233 gymn.
630 1153 726 1213 austra
746 1147 828 1212 1890
850 1169 880 1232 p.
897 1146 975 1233 299)
998 1149 1157 1233 opinabar,
1185 1148 1291 1213 deberi
1313 1149 1478 1213 editionem

344 1253 516 1335 principem
546 1253 687 1338 opusculi
715 1253 877 1318 Faustiani
898 1254 991 1318 Petro
1014 1253 1144 1318 Pithoeo
1172 1252 1335 1336 (Ueterum
1362 1253 1480 1335 aliquot

345 1355 464 1421 Galliae
479 1358 694 1441 theologorum
711 1358 835 1439 scripta,
852 1357 979 1422 Parisiis
995 1355 1087 1438 1586,
1103 1378 1132 1441 p.
1149 1355 1223 1422 124:
1249 1355 1367 1419 Fausti
1382 1355 1479 1442 Repii

348 1458 480 1523 Galliac
493 1461 635 1546 episcopi
647 1459 685 1523 cic
697 1459 912 1544 rationesadci
924 1459 970 1523 cd
981 1460 1103 1524 obiecta
1114 1459 1271 1545 quaedam
1284 1460 1477 1546 responsio).

344 1584 438 1647 quern
453 1565 561 1630 Fausti
582 1565 724 1630 libellum
748 1584 819 1629 cum
843 1567 1020 1648 exciperent
1041 1569 1187 1649 quattuor
1202 1566 1310 1630 Fausti
1327 1565 1476 1649 epistulae

343 1670 514 1734 aPithooo
545 1689 581 1733 cx
612 1669 716 1734 codice
738 1670 880 1734 Parisino
910 1671 1006 1736 latino
1037 1668 1337 1753 n.1564primum
1365 1669 1476 1749 editae,

343 1775 446 1856 ipsum
469 1792 589 1856 quoque
612 1793 629 1838 e
651 1774 754 1837 codice
779 1774 913 1856 quodam
928 1774 1070 1838 Parisino
1086 1773 1360 1856 descriptum‘esse
1376 1774 1476 1856 primo

343 1877 486 1960 opinatus
497 1877 538 1940 H.
549 1877 730 1941 Omontium
743 1877 921 1966 Parisiuum
936 1879 1039 1943 uirum
1055 1877 1272 1941 doctissimum
1287 1896 1342 1958 per·
1353 1877 1475 1940 litteras

342 1980 403 2044 adii
427 1985 458 2044 ct
479 1999 664 2064 responsum
688 1985 807 2046 certum
830 1982 889 2046 tuli
911 1999 974 2045 non
996 1987 1116 2046 exstare
1136 1981 1225 2046 illum
1241 1982 1273 2068 iu
1288 1980 1476 2045 bibliotheca

342 2084 493 2164 Parisina,
521 2103 620 2166 neque
648 2085 781 2167 amphus
805 2103 887 2150 nunc
910 2085 1000 2150 credo
1023 2104 1116 2150 usum
1139 2104 1209 2149 csse
1231 2085 1396 2149 Pithoeum
1424 2103 1476 2148 co·

342 2189 407 2252 dice
431 2190 652 2270 manuscripto,
676 2207 750 2253 nam
773 2189 934 2271 utriusque
959 2189 1103 2254 editionis
1126 2189 1230 2252 uerbis
1252 2189 1333 2254 iuter
1356 2208 1389 2252 sc
1412 2189 1476 2253 col-

341 2292 414 2356 latis
441 2292 608 2356 Pithoeum
638 2294 714 2356 setis
745 2292 892 2357 habuisse
919 2293 1027 2358 Fausti
1058 2293 1243 2375 opusculum
1273 2313 1308 2356 cx
1336 2293 1473 2358 Sichardi

340 2396 489 2461 Antidoto
512 2401 651 2480 repetere
675 2397 750 2461 mihi
773 2397 923 2480 persuasi.

384 2500 480 2564 Nobis
504 2517 636 2583 quoque,
664 2519 735 2564 cum
757 2501 836 2565 liber
858 2501 1090 2585 manuscriptus
1113 2504 1236 2583 praesto
1259 2519 1320 2565 non
1344 2502 1393 2582 sit,
1422 2519 1474 2566 ac-

340 2606 563 2687 quiescendum
586 2609 635 2669 est
657 2605 844 2674 insichardi
867 2605 1010 2686 editione,
1035 2623 1126 2686 quem
1143 2609 1250 2669 tamen
1265 2605 1364 2670 bonae
1380 2609 1472 2669 notae

340 2709 475 2773 codicem
496 2708 675 2773 adhibuisse
691 2727 782 2773 nemo
805 2727 875 2787 non*
891 2710 985 2789 uidet,
1009 2728 1080 2774 cum
1104 2711 1188 2774 nullo
1212 2710 1275 2774 iere
1292 2711 1357 2774 loco
1373 2710 1471 2774 oratio

339 2813 405 2878 hiet
427 2815 477 2877 uel
508 2813 658 2878 mendosa
688 2832 756 2877 csse
787 2813 936 2877 uideatur.
978 2813 1151 2878 addidimus
1182 2817 1325 2878 accurato
1347 2815 1430 2878 locos
1454 2833 1471 2876 e

340 2935 428 2982 sacra
446 2918 600 3001 scriptura
618 2919 759 2982 laudatos
780 2918 829 2982 uel
849 2936 885 2982 cx
905 2917 973 2981 aliis
989 2918 1097 2982 Fausti
1117 2918 1240 3001 scriptis
1261 2919 1469 3001 depromptos.

339 3022 404 3085 fore
427 3025 533 3085 autem
555 3025 591 3085 ut
613 3022 645 3085 in
669 3021 765 3086 altero
788 3021 1028 3086 Faustiauorum
1051 3039 1180 3104 opcrurn
1203 3023 1362 3086 uolumine
1384 3026 1470 3105 post·

339 3125 467 3189 modum
490 3126 608 3190 edendo
623 3126 706 3189 idern
722 3126 905 3208 opusculum
923 3126 961 3189 ad
977 3125 1116 3190 codicum
1134 3127 1349 3191 auctoritatem
1364 3144 1470 3190 roceu-

338 3230 433 3294 situm
456 3230 557 3294 denuo
581 3230 671 3294 edere
694 3230 784 3294 nobis
806 3231 908 3310 liccat,
933 3230 1010 3294 bone
1034 3247 1207 3312 speramus,

368 3531 462 3616 clu.
480 3533 541 3616 lll.
573 3531 632 3615 llll
659 3531 835 3616 RURIOII
861 3531 1071 3616 FPISOOPI
1096 3532 1438 3618 uhuouluuusls

582 3661 701 3762 Ul'lh,
728 3661 944 3762 sutirum,
972 3661 1219 3747 OOlllOlBUS.

379 3856 523 3922 Ruricius
555 3856 658 3921 senior
688 3874 784 3938 aeque
814 3860 906 3938 atque
938 3855 1003 3920 cius
1033 3874 1129 3940 nepos
1160 3857 1299 3921 eiusdem
1333 3859 1467 3922 nominis

337 3962 498 4046 episcopus
514 3962 745 4026 Lemouiceusis
768 3961 864 4026 nobili
886 3979 998 4044 genere
1015 3959 1133 4026 Gallico
1157 3966 1248 4026 natus
1272 3967 1348 4045 erat,
1371 3983 1466 4046 querc

336 4085 354 4130 a
377 4065 501 4130 Sidonio
524 4065 557 4130 in
579 4083 674 4130 carm.
690 4063 794 4129 >1162
816 4063 976 4150 superbus
999 4064 1160 4127 Ruricius
1184 4067 1358 4149 appellatur
1381 4073 1412 4133 et
1434 4069 1466 4134 in

335 4169 515 4254 Epitaphio
538 4168 752 4232 Ruricioonem
778 4169 1000 4254 cpiscoporum
1027 4169 1175 4232 ciuitatis
1198 4169 1421 4235 Limouccinae
1448 4192 1468 4237 a

336 4274 503 4338 Fortunato
527 4275 697 4358 composito
717 4274 826 4356 (carm.
843 4273 957 4356 11115)
980 4275 1146 4340 laudantur
1168 4275 1211 4357 (u.
1230 4274 1247 4337 'l
1265 4276 1325 4360 sq.)
1348 4278 1466 4360 gemini

334 4378 449 4442 Ruricii
471 4378 550 4460 (scil.
569 4397 645 4442 auus
670 4383 699 4442 et
723 4377 832 4461 nepos)
856 4379 952 4443 iuncti
975 4397 1047 4444 cum
1068 4382 1160 4462 gente
1180 4381 1310 4461 patricia
1324 4381 1467 4446 Romana
