3320 5140
658 479 898 548 Prolsgomsna.
1243 479 1343 533 LXVII

205 674 270 738 per
292 675 389 738 qaam
411 675 466 717 aec
489 653 535 717 ad
545 653 757 739 paradisum,
780 654 968 717 acredinem
991 653 1040 717 cd
1063 653 1344 738 4444411441ᾳαὶ4-

210 779 309 842 quam
331 758 381 822 ire
405 757 572 836 desideret,
601 779 679 842 quaa
707 760 803 824 acrba
830 777 891 824 uon
918 761 956 824 do
978 759 1096 824 Ruricii
1124 760 1228 824 exsilio
1254 760 1345 824 iutel-

209 863 344 946 legauda
371 881 440 928 esso
466 864 543 928 mihi
570 882 755 946 persuasum
783 868 840 944 est,
871 865 1053 947 praesertim
1082 883 1154 928 oum
1176 863 1261 928 uallo
1285 864 1345 927 alio

209 967 279 1032 loco
301 968 445 1033 Ruricius
469 969 566 1034 ausilii
588 969 782 1034 mentionem
804 969 909 1034 faciat.
1182 1032 1187 1046 ,

255 1072 385 1137 1111111114
408 1076 502 1156 atque
524 1091 618 1158 aegra
640 1074 817 1138 ualetudine
840 1092 915 1138 usus
940 1076 987 1137 est
1007 1072 1160 1154 Ruricius,
1188 1073 1275 1137 cuius
1299 1073 1345 1136 iu·

211 1175 395 1242 firmitatem
417 1195 488 1242 cum
512 1196 574 1243 nou
597 1179 825 1260 compatientia
849 1178 903 1242 sed
925 1177 1108 1261 perferentis
1132 1177 1235 1243 doloro
1251 1179 1346 1260 parti-

212 1281 331 1364 ciparet
353 1281 515 1346 Rufrasius
540 1283 701 1366 episcopas
725 1281 767 1366 (p.
784 1279 858 1362 448,
875 1281 920 1365 8),
943 1283 1064 1346 litteras
1088 1281 1173 1346 dedit
1196 1281 1233 1345 ad
1257 1281 1345 1345 illum

211 1383 323 1449 1122.
362 1385 465 1451 hicme
495 1387 570 1452 dicit
599 1406 633 1452 se
663 1406 732 1451 esso
761 1387 920 1452 fortiorem
950 1387 1051 1467 solito,
1082 1386 1208 1450 aestiuis
1239 1385 1345 1449 diebus

213 1491 309 1554 etiam
331 1491 363 1554 in
385 1491 518 1573 hospitio
541 1509 596 1556 sno
620 1495 652 1555 et
673 1492 749 1556 locis
772 1491 891 1574 frigidis
915 1491 1017 1574 ipsam
1043 1489 1346 1556 consuetudinariam

211 1592 427 1658 infirmitatem
457 1598 634 1660 sustentus
664 1596 714 1660 uix
744 1596 848 1660 ualere
879 1595 921 1678 (p.
942 1593 1098 1678 411,14).
1143 1611 1222 1676 quae
1253 1609 1348 1657 caasa

212 1698 283 1777 init,
314 1699 395 1780 quod
425 1699 547 1764 muneri
578 1693 744 1782 episcopali
771 1699 853 1763 haud
881 1717 949 1763 raro
978 1698 1120 1762 sufficere
1148 1695 1210 1762 no'u
1236 1697 1345 1780 potuit.

212 1819 296 1866 anno
324 1803 407 1866 enim
434 1801 498 1866 506
531 1801 605 1886 (sab
634 1801 664 1865 d.
685 1801 743 1864 III
764 1802 845 1866 [dees
874 1799 1068 1886 Septembris
1095 1799 1240 1864 Messala
1267 1823 1300 1863 a.
1321 1821 1345 1862 o.

214 1903 354 1984 cassate,
378 1907 417 1971 ci.
434 1905 527 1972 (ioue.
544 1905 624 1972 Gall.
643 1908 743 1972 oolll
765 1905 841 1990 795)
864 1905 1009 1972 Caesario
1032 1907 1210 1971 Arelatensi
1232 1906 1348 1990 praesi-

213 2010 309 2073 dente
324 2011 489 2075 concilium
504 2011 686 2096 Agatheusc
702 2011 843 2076 habitam
869 2015 926 2092 ast,
950 2014 991 2091 et,
1014 2029 1206 2094 quamquam
1228 2011 1346 2094 pridem

211 2115 277 2178 iam
300 2118 445 2179 sanctum
469 2121 546 2196 erat,
574 2119 619 2198 ut,
642 2115 672 2178 si
695 2115 768 2200 qais
790 2115 998 2178 commonitas
1020 2113 1225 2197 infirmitatis
1247 2135 1347 2177 caasa

211 2215 368 2302 defuerit,
381 2239 556 2304 personam
570 2219 642 2283 reice
656 2241 719 2282 aaa
736 2219 859 2305 dirigat
876 2219 928 2304 (cf.
947 2219 1039 2286 Couc.
1053 2219 1133 2286 Gall.
1147 2221 1215 2284 coll.
1230 2220 1245 2284 I
1260 2217 1348 2302 562),

210 2321 358 2386 Ruricius
382 2342 481 2406 neque
508 2325 596 2388 uenit
625 2343 725 2406 usqne
754 2327 988 2408 procuratorem
1018 2324 1114 2405 misit,
1144 2323 1199 2388 ssd
1228 2324 1348 2388 litteras

211 2429 338 2490 tantum
367 2447 422 2510 per
452 2428 617 2493 diaconum
639 2429 713 2494 Ueri
743 2429 879 2512 episcopi
893 2428 914 2512 ¹)
942 2428 1089 2512 Agathou
1121 2428 1239 2508 direxit,
1270 2445 1348 2509 quas

211 2548 278 2595 uon
299 2531 416 2615 recepit
439 2531 613 2614 Caesarius,
640 2537 675 2597 ut
702 2533 811 2598 scribit
837 2533 868 2596 iu
892 2533 1026 2616 epistula
1053 2533 1090 2596 de
1112 2532 1171 2596 hac
1194 2549 1288 2596 eausa
1310 2531 1348 2595 ad

212 2633 376 2699 Ruricium
406 2637 479 2700 data
508 2636 551 2720 (p.
572 2634 646 2718 448,
667 2635 733 2721 20).
778 2637 921 2702 Ruricius
952 2655 1005 2700 our
1035 2637 1074 2700 ad
1104 2637 1256 2719 synodum
1287 2653 1349 2699 nou

212 2739 364 2820 uenisset,
394 2741 536 2823 exposuit
566 2759 613 2823 sp.
630 2740 662 2805 H
685 2739 726 2805 33
757 2741 863 2806 dicens
893 2741 1003 2806 iecisse
1034 2741 1092 2805 hoo
1121 2739 1349 2821 infirmitatem,

213 2861 279 2908 nou
302 2844 497 2910 uoluntatem
520 2843 562 2928 (p.
579 2843 653 2926 417,
673 2843 735 2928 12).

259 2947 296 3011 ln
320 2947 428 3013 eadem
452 2947 587 3014 Caesarii
611 2949 744 3032 epistula
770 2950 880 3033 synodi
903 2949 1074 3014 Tolosauae
1101 2949 1240 3031 proximo
1268 2966 1350 3012 anno

213 3049 279 3115 507
310 3051 470 3117 habendae
501 3053 618 3118 mentio
646 3053 696 3117 fis:
730 3051 841 3116 iudico
866 3052 987 3138 pietati
1017 3061 1156 3128 uestrae,
1190 3059 1236 3128 at,
1271 3051 1350 3136 qaia

203 3154 306 3240 filias
328 3165 435 3220 aester
455 3155 647 3234 Eudemias,
670 3156 700 3220 si
717 3157 876 3242 potuerit,
899 3157 955 3219 hoc
978 3155 1149 3220 elaborare
1176 3153 1350 3232 desiderat,

215 3267 245 3322 et
273 3260 576 3344 superueniente
604 3281 704 3323 cano
731 3259 846 3324 Tolosa
868 3259 1025 3346 synodum
1051 3257 1177 3324 Christo
1200 3259 1351 3344 propitio

216 3359 400 3442 habeamus,
430 3361 489 3427 abi
511 3364 617 3441 etiam,
647 3365 677 3428 aa'
699 3364 856 3448 potuerit,
888 3363 1056 3450 Hispanos
1083 3361 1160 3426 sealt
1188 3363 1351 3448 episcopos

214 3468 397 3532 maaeaire.
428 3469 608 3551 llndomius,
632 3471 712 3552 qnod
736 3471 896 3553 episcopos
919 3473 1163 3554 congregaturus
1188 3473 1263 3549 erat,
1288 3471 1351 3552 cpi-

215 3591 329 3658 scopus
345 3575 411 3656 ipse
426 3575 520 3640 inerit
535 3593 661 3639 necesse
685 3579 746 3650 est;
771 3575 825 3640 sed
848 3575 1024 3640 mirandum
1048 3579 1106 3655 est,
1129 3574 1210 3656 quod
1232 3575 1264 3638 in
1287 3574 1352 3658 cpi-

216 3677 301 3744 stula
332 3677 370 3741 ad
392 3677 553 3744 Ruricium
583 3679 657 3743 data
678 3676 777 3760 filice
806 3687 914 3742 aester
941 3679 1123 3762 appellatur,
1154 3695 1249 3760 quare
1277 3677 1352 3742 scri·

216 3782 357 3848 bendum
380 3801 448 3846 esso
463 3779 561 3863 fliius
584 3791 693 3845 1141144
715 3784 908 3864 coniecerim,
932 3782 1045 3865 quibus
1067 3781 1171 3847 uerbis
1195 3782 1285 3848 facilc
1307 3784 1353 3846 uti

217 3891 341 3972 poterat
368 3885 531 3952 Caesarius
559 3888 721 3970 spiscopus
749 3888 1015 3970 metropolitanus.
1062 3907 1101 3951 ue
1128 3886 1200 3950 hnic
1228 3887 1353 3968 qnidam

217 3991 347 4057 coneilio
370 3991 511 4056 interluit
529 3991 684 4072 Ruricius,
708 4009 781 4056 nam
797 3991 928 4058 Sedatus
951 3991 1113 4073 episcopus
1129 3989 1353 4056 Nemausensis

219 4099 251 4162 in
282 4096 415 4179 epistula
444 4097 483 4160 ad
506 4095 666 4161 Ruricium
696 4097 768 4161 data
798 4097 875 4160 haec
905 4096 979 4160 dicit
1008 4094 1051 4179 (p.
1072 4093 1146 4176 446,
1162 4093 1233 4179 2011
1264 4095 1353 4158 aete-

265 4343 285 4408 ¹)
304 4341 360 4396 Leo
378 4339 510 4396 1114444411
528 4340 626 4396 miseras
644 4357 662 4394 c
680 4338 789 4394 1141111114
807 4355 863 4394 meo
886 4338 953 4394 Uero
971 4339 1096 4408 episeopo
1117 4337 1268 4394 Teroaieae
1286 4337 1353 4394 eiai-

221 4429 295 4496 14114,
313 4425 346 4482 ci.
360 4426 439 4483 (lonc.
453 4425 521 4482 Gall
534 4425 593 4482 coll.
606 4425 620 4480 1
638 4428 696 4483 198.

1166 4513 1198 4564 Θῆ
