3264 5134
660 465 756 520 Liber
773 466 802 520 11
822 471 861 523 10.
1287 470 1326 534 87

195 643 225 704 et
246 641 430 706 caelestium
452 643 653 708 conditorem.
684 661 757 709 narn
780 644 855 708 dum
877 645 970 709 homo
993 645 1157 710 colondum
1180 665 1248 710 esse
1271 647 1328 710 ali-

194 745 266 826 quid
288 745 410 828 probat,
434 747 500 829 ipse
524 748 701 812 intellectus
724 749 843 813 colendi
859 749 977 814 crimen
993 749 1159 814 conditoris
1181 751 1325 815 ostendit.

193 849 346 931 quomodo
377 851 459 915 enim
489 851 647 936 religionis
676 852 786 918 babuit
820 856 969 918 sensum?
1006 854 1177 919 inuenisset
1206 854 1324 936 absque

193 953 286 1018 dubio
310 955 413 1036 doum,
441 955 467 1019 si
489 955 663 1038 inquirendi
686 958 839 1040 adponere
861 959 1013 1023 uoluisset
1035 957 1181 1024 allectum
1204 959 1327 1024 dicente

192 1060 331 1124 domino:
366 1061 535 1143 quaerite
558 1065 594 1126 et
616 1062 831 1127 inuenietis.
870 1063 1049 1128 cumcuim
1072 1081 1161 1128 mens
1189 1064 1327 1128 humana
1366 1089 1379 1128 s

191 1166 230 1230 ad
253 1165 423 1230 uidendum
446 1167 551 1231 oculos
575 1167 740 1250 aperuerit,
771 1169 880 1232 statim
911 1187 944 1232 se
974 1167 1162 1233 desideranti
1185 1168 1328 1250 quaesita

189 1271 242 1334 lnx
264 1271 388 1355 ingerit.
411 1271 542 1352 ideoque
564 1271 613 1335 lex
635 1271 719 1336 intus
741 1271 858 1336 inserta
880 1271 983 1337 docuit
1004 1271 1248 1354 uenerationem,
1272 1273 1327 1337 sed

190 1375 389 1458 neglegentia
419 1378 451 1439 et
473 1377 668 1440 contumacia
689 1376 831 1440 inuenire
854 1394 916 1440 non
939 1376 1053 1441 meruit
1081 1377 1256 1441 dentatam.
1295 1380 1327 1442 et

190 1483 355 1561 propterea
384 1479 458 1543 dum
490 1498 523 1543 se
550 1479 681 1544 mortuis
705 1479 879 1544 simulacris
903 1483 932 1544 et
960 1479 1066 1564 liguris
1093 1480 1326 1546 insensibilibus

190 1583 375 1667 figmentum
399 1584 533 1648 caeleste
555 1584 734 1666 prosternit,
758 1584 904 1648 iniuriam
928 1601 990 1648 non
1010 1585 1112 1650 solum
1127 1584 1247 1666 factori,
1271 1586 1325 1649 sed
1353 1610 1379 1650 ιο

188 1692 219 1752 et
249 1689 282 1751 in
313 1707 348 1752 so
377 1688 517 1752 iacturae
547 1706 622 1753 suae
652 1688 759 1752 intulit
788 1692 820 1752 et
848 1687 1064 1754 erubescendis
1095 1693 1195 1754 semet
1222 1689 1325 1771 ipsum

188 1793 386 1857 contumeliis
417 1793 558 1876 propriae
592 1793 746 1856 inmemor
778 1793 996 1877 generositatis
1031 1792 1134 1858 affecit
1167 1796 1259 1875 atque
1289 1812 1325 1857 er

188 1915 290 1962 errore
313 1898 381 1980 ipso
400 1915 533 1979 posnam
548 1897 665 1980 recepit
680 1897 801 1977 erroris,
826 1897 907 1961 sicut
922 1897 965 1961 ait
981 1897 1153 1980 apostolus:
1178 1901 1214 1962 et
1235 1915 1325 1961 mer-

187 2001 329 2082 cedem,
353 2019 461 2083 quam
480 2001 659 2084 oportuit,
680 2002 815 2065 erroris
836 2001 893 2065 sui
913 2001 949 2065 in
972 2004 1089 2066 semet
1110 2002 1211 2084 ipsos
1233 2001 1325 2066 reoi-

186 2105 343 2189 pientes.
383 2109 420 2170 et
442 2106 539 2170 siout
561 2112 632 2171 non
654 2105 909 2188 probauerunt
928 2105 1034 2170 deum
1053 2105 1190 2170 habero
1209 2105 1245 2169 in
1265 2124 1325 2170 no·
1352 2131 1377 2172 re

186 2211 287 2290 titia,
330 2210 488 2276 tradidit
526 2228 587 2275 eos
625 2210 714 2275 deus
752 2210 789 2274 in
826 2209 1021 2293 reprobum
1060 2228 1219 2275 sensnm.
1273 2209 1324 2274 hic

187 2315 312 2379 rebellis
344 2333 454 2380 sensus
488 2318 597 2397 sponte
630 2318 792 2396 corruptus
826 2331 888 2378 non
921 2315 1074 2379 uiolenter
1108 2314 1231 2378 ablatus
1266 2317 1321 2378 est.

187 2421 296 2500 sicut,
325 2419 437 2501 inquit,
464 2437 536 2484 non
558 2419 811 2503 probauerunt
834 2419 939 2483 doum
961 2419 1097 2484 habere
1117 2419 1154 2482 in
1173 2418 1323 2499 notitia,

188 2523 343 2588 tradidit
374 2542 434 2589 eos
465 2524 553 2588 dans
583 2525 620 2588 in
645 2522 843 2606 reprobum
871 2541 1029 2587 sensum.
1068 2524 1120 2605 qui
1142 2541 1197 2605 pro
1220 2521 1322 2588 causis

187 2628 445 2710 praecedentibus
475 2627 708 2710 derelinquitur,
739 2645 800 2692 non
831 2627 896 2692 fato
926 2627 1092 2710 promitur,
1126 2626 1180 2691 sed
1210 2625 1322 2691 iudicio
1349 2651 1375 2690 eo

188 2731 380 2814 reprobatur.

229 2835 316 2916 Quod
347 2837 373 2900 si
403 2837 551 2919 requiras,
581 2837 664 2902 unde
694 2836 825 2902 indoctis
849 2835 1025 2901 nationibus
1048 2836 1081 2900 in
1108 2836 1164 2900 illa
1186 2835 1323 2919 ingenita

188 2941 307 3006 feritate
330 2945 504 3025 peccatum,
528 2941 609 3005 unde
633 2941 692 3005 nisi
715 2959 770 3022 per
793 2941 890 3004 animi
914 2943 1034 3004 motum
1054 2940 1230 3022 mentisque
1250 2957 1323 3003 oon-

187 3049 335 3110 sensum?
358 3046 489 3128 danique
511 3045 645 3128 pecudes
669 3048 700 3108 et
722 3044 815 3108 bruta
837 3045 1008 3109 animantia
1030 3063 1049 3109 a
1071 3048 1198 3128 peccato
1221 3043 1322 3108 omni·

188 3150 284 3214 modis
315 3149 414 3214 libera
443 3154 526 3231 snut,
557 3151 629 3232 quia
659 3148 852 3212 discretionis
883 3149 988 3214 nescia
1011 3149 1190 3214 strationis
1213 3149 1322 3232 ignara
1348 3175 1373 3214 ae

188 3259 267 3319 sunt.
303 3259 337 3318 tu
360 3255 544 3320 deteriorem
567 3254 685 3338 pecude
708 3253 866 3318 hominem
887 3253 973 3318 iacis.
1009 3273 1064 3318 cur
1084 3253 1167 3318 enim
1184 3253 1211 3318 ei
1227 3253 1321 3318 relin-

188 3361 253 3440 qnis
275 3363 451 3441 peccatum,
481 3360 530 3422 cui
554 3359 636 3424 tollis
660 3359 845 3424 arbitrium?
884 3361 938 3422 aut
968 3357 995 3422 si
1025 3377 1096 3422 eum
1119 3357 1226 3422 subdis
1249 3377 1320 3440 pec·

187 3467 262 3542 eato,
293 3463 357 3526 noli
386 3463 509 3546 priuare
539 3463 660 3528 iudicio.
697 3481 759 3528 non
789 3479 862 3547 ergo
890 3462 1057 3526 mentiatur
1079 3461 1227 3544 iniquitas
1250 3461 1319 3526 sibi.

188 3567 282 3646 nouit,
310 3567 385 3648 qnid
406 3568 439 3632 in
462 3567 581 3632 occulto
604 3567 723 3632 homini
746 3566 866 3630 dederit
887 3567 1026 3650 cognitor
1048 3567 1248 3631 occultorum.
1288 3569 1320 3630 et

187 3670 252 3737 ideo
275 3671 399 3754 quando
422 3669 461 3736 ab
486 3689 521 3736 eo
544 3671 675 3754 quisque
697 3689 753 3754 pro
776 3671 858 3736 malo
881 3689 972 3755 opere
995 3671 1158 3754 corripitur
1188 3673 1220 3734 et
1247 3688 1319 3735 con·
1346 3695 1372 3734 eo

287 3851 315 3920 5]
333 3851 504 3916 bucmar.
559 3851 603 3922 13]
622 3851 698 3906 nom.
713 3853 736 3916 1,
748 3853 790 3907 or.

229 4015 362 4084 laliquid
381 4015 408 4068 P
424 4017 465 4072 bis
517 4017 694 4072 3oonsumc
746 4013 860 4084 absquae
878 4016 906 4071 P
956 4016 1123 4084 bquaaritae
1141 4015 1168 4070 P
1220 4019 1319 4070 laum

188 4101 286 4170 ingeret
302 4103 494 4160 cumbadum?
551 4101 685 4158 incertae
741 4101 939 4170 8negligentia
957 4103 984 4156 P
1041 4105 1070 4158 11
1095 4102 1275 4156 erubiscendis
1295 4103 1321 4156 P

191 4191 220 4244 12
232 4187 372 4258 adquaeP
418 4193 449 4246 14
462 4193 546 4243 semet
558 4189 650 4258 ipsiso
698 4192 729 4246 15
743 4189 894 4244 notitiamo
942 4193 974 4246 18
987 4191 1108 4244 notitiam
1123 4192 1149 4244 P
1194 4193 1228 4246 20
1244 4207 1318 4294 prae-

189 4301 311 4358 miturP
366 4305 401 4358 22
419 4303 528 4372 ligonita
546 4302 574 4357 P
623 4301 840 4370 romanusquae
858 4304 886 4357 P
935 4304 969 4357 26
992 4303 1047 4356 sint
1064 4303 1092 4356 P
1141 4302 1273 4372 relinques
1294 4304 1322 4358 P

188 4415 219 4468 oe
237 4414 330 4470 tunso
348 4416 375 4470 Ρ
426 4417 459 4472 ae
478 4381 566 4470 oium
584 4417 612 4471 Ρ
662 4413 811 4470 asnorum
831 4415 859 4470 Ρ
909 4417 944 4470 ao
961 4415 1087 4484 quaqua
1104 4417 1132 4471 Ρ
