3222 5144
473 1134 770 1212 FRAGMENTUM
793 1134 1030 1212 EPISTULAE
1053 1133 1215 1212 FAUSTI.

766 1322 921 1332 -----——

320 1510 359 1572 Ia
383 1520 536 1588 tractatu,
567 1511 624 1595 qui
647 1509 783 1574 additus
806 1520 851 1574 est
875 1509 1033 1596 epistulae
1056 1511 1212 1574 Iohannis
1235 1510 1278 1573 II.
1298 1532 1411 1596 papae

277 1637 362 1679 anua
383 1615 450 1678 534
472 1614 517 1678 ad
543 1613 733 1679 Caesariuuu
756 1615 791 1678 iu
814 1637 915 1679 causa
938 1615 1080 1701 episcopi
1103 1613 1275 1679 cuiusdam
1298 1615 1413 1678 Reieu-

276 1719 332 1798 sia,
362 1719 420 1806 qui
450 1717 488 1782 ab
511 1719 647 1783 admissi
677 1719 826 1783 miminis
853 1729 962 1782 uotam
990 1718 1031 1782 ab
1059 1719 1248 1806 episcopatu
1271 1719 1411 1783 deiectus

276 1833 331 1902 est,
360 1823 466 1903 tatae,
493 1825 571 1888 haee
600 1823 753 1910 lepuutur
782 1823 840 1911 (cf.
865 1821 1015 1889 Consilia
1042 1823 1181 1910 antiqua
1206 1822 1338 1888 Galliae
1360 1823 1410 1887 ed.

278 1925 432 1992 Siruauct
453 1927 589 2014 1235).-

319 2034 368 2098 ‘ut
389 2035 449 2098 hoe
471 2034 636 2118 diligenter
659 2034 883 2098 attendendum
907 2037 964 2114 est,
987 2034 1107 2116 quodsi,
1135 2035 1304 2098 seeundum
1329 2034 1412 2116 quod

276 2156 371 2222 supra
393 2138 543 2222 seriptum
566 2141 623 2217 est,
646 2138 691 2202 illi
710 2138 822 2218 cleriei,
846 2139 898 2220 qui
922 2139 961 2202 ud
983 2155 1093 2202 uxores
1115 2140 1253 2222 proprias
1269 2139 1411 2219 redeunt,

276 2239 315 2306 ad
345 2243 502 2326 integrum
533 2242 571 2306 ab
595 2241 695 2307 officia
719 2243 952 2326 suspenduntur
975 2246 1016 2322 et,
1042 2243 1068 2306 si
1100 2243 1193 2307 stiam
1216 2243 1333 2328 digami
1356 2247 1412 2307 eut

275 2348 524 2430 internuptarum
547 2347 662 2428 mariti,
691 2347 744 2429 qui
771 2347 878 2428 utique
905 2365 973 2411 rem
1000 2347 1118 2411 licitam
1148 2347 1277 2427 fuciunt,
1308 2347 1410 2412 cleriei

274 2455 381 2516 tamen
404 2451 539 2516 ordinari
562 2468 624 2514 uon
647 2454 778 2534 possunt
801 2455 864 2532 eut,
889 2451 914 2515 si
938 2451 1070 2516 ordinati
1086 2451 1211 2532 fuerint,
1228 2451 1409 2532 deiciuntur,

277 2555 314 2618 de
337 2554 449 2637 quibus
473 2560 505 2620 et
526 2555 661 2620 Faustus
689 2555 851 2638 episeopus
881 2559 1007 2620 sanatus
1030 2555 1062 2618 in
1086 2556 1220 2639 epistula
1242 2574 1299 2620 sua
1321 2555 1410 2619 dieii:

276 2659 405 2724 Perdit
434 2661 594 2743 gratiam
625 2660 850 2740 consecrati,
885 2661 944 2741 qui
976 2659 1094 2723 adhue
1125 2659 1295 2724 efficium
1329 2659 1410 2723 uult

277 2782 449 2828 exeruere
472 2764 618 2828 meriti?

324 2865 442 2932 Utrum
469 2867 544 2932 iaec
570 2866 673 2931 uerba
700 2867 746 2930 aci
768 2865 952 2955 epistulam,
976 2889 1020 2928 au
1037 2867 1150 2952 potius
1174 2866 1219 2930 ad
1239 2888 1410 2931 seruwuem

275 2970 435 3056 quendam
450 2971 570 3036 Fausti
585 2981 733 3058 spectent,
755 2971 836 3035 milii
859 2971 985 3058 quidem
1000 2971 1160 3035 incertum
1176 2981 1230 3036 est,
1253 2991 1409 3036 sermones

276 3075 360 3139 euim
390 3075 441 3138 uc
471 3074 542 3139 illie
570 3076 788 3160 epistularum
814 3077 939 3140 uamiue
961 3075 1144 3162 sipuifleari
1170 3086 1306 3163 praeter
1337 3074 1409 3138 aiia

271 3179 494 3265 praescriptio
523 3181 677 3244 sermonis
702 3181 858 3244 Fauatiui
882 3181 989 3268 primi
1019 3181 1055 3244 iu
1082 3180 1188 3244 codice
1210 3179 1409 3244 Durtaaeusi

275 3285 319 3348 36
340 3285 467 3348 seruati
490 3283 675 3349 documenta
698 3297 743 3349 est
767 3284 825 3371 (af.
837 3307 916 3373 pap.
933 3286 997 3349 223
1019 3285 1128 3349 adnot.
1153 3284 1198 3348 ad
1221 3285 1279 3350 tia.
1295 3286 1342 3366 3).
