3268 5142
296 451 359 516 376
803 451 929 506 Ruricii

297 631 329 692 et
350 626 462 690 iratres
486 627 587 707 amisi,
611 644 744 710 quorum
767 646 817 691 me
841 625 964 692 solabar
987 625 1110 708 affectu,
1133 645 1264 709 qnorum
1289 645 1339 692 me
1359 645 1433 692 con-

297 731 455 795 iunctione
486 729 651 796 iactatam.
698 730 907 814 disrumptum
939 736 997 813 est,
1028 731 1139 796 tratres
1170 731 1333 812 carissimi,
1364 733 1433 796 uin-

297 835 403 900 culum
425 835 644 918 germanitatis
667 839 801 916 nostrae,
824 834 965 900 ablatum
986 835 1077 900 nobis
1101 839 1149 900 est
1169 836 1283 920 pignus
1303 839 1433 900 mutuae

298 939 444 1004 caritatis.
489 940 540 1004 hei
570 940 658 1022 mihi,
689 939 800 1004 1111111
831 941 949 1022 optimi,
979 941 1053 1004 dum
1082 940 1257 1024 depositum
1280 945 1434 1022 uestrum,

258 1067 271 1106 s
297 1043 385 1109 cuiue
409 1062 459 1108 me
482 1044 647 1110 traditione
671 1045 833 1127 ceperatis,
857 1045 977 1125 amitto,
1000 1062 1063 1109 nna
1082 1062 1138 1110 uos
1164 1045 1283 1128 perdidi
1305 1048 1337 1110 et
1363 1044 1435 1110 ideo

297 1149 329 1212 in
352 1148 444 1212 nnius
467 1148 703 1213 necessitudinis
726 1148 824 1232 gradu
847 1149 1053 1231 complurium
1073 1149 1151 1214 mihi
1167 1149 1434 1214 necessitudinum

299 1253 410 1317 solatia
433 1252 557 1318 sublata
580 1253 709 1336 suspiro.

340 1354 446 1422 Solam
468 1361 574 1422 tamen
597 1358 742 1440 patriam,
766 1375 844 1440 quae
867 1358 944 1422 mihi
964 1359 1135 1442 peripsam
1152 1359 1305 1441 adquisita
1319 1359 1435 1439 inerat,

298 1479 360 1526 non
383 1461 539 1542 amittam,
563 1463 613 1544 qui
637 1462 717 1526 hanc
733 1463 808 1526 mihi
823 1463 1023 1543 potissimum
1039 1467 1165 1544 terram,
1188 1481 1281 1545 qnam
1296 1463 1350 1528 illa
1366 1481 1436 1527 cor-

247 1593 272 1630 10
297 1583 371 1650 pore
394 1583 449 1630 suo
473 1566 646 1649 occupauit,
669 1569 802 1649 patriam
825 1566 977 1631 iudicabo.
1013 1567 1068 1631 sed
1083 1586 1143 1650 quo
1159 1568 1312 1632 inmemor
1328 1566 1435 1648 officii,

299 1687 418 1734 memor
447 1669 566 1754 gratiae
597 1671 701 1734 dolore
731 1671 900 1752 inpellente
933 1671 1111 1754 progredior
1145 1675 1177 1736 ot
1206 1677 1345 1756 tempore
1376 1672 1435 1736 ali·

299 1777 451 1857 quatenus
474 1775 589 1838 uulnus
610 1774 780 1838 obductum
796 1775 935 1839 rediuiua
949 1775 1159 1841 recordatione
1175 1779 1336 1858 tamquam
1352 1793 1435 1840 noua

298 1879 434 1944 sectione
464 1879 605 1943 rescindo
628 1883 670 1958 et,
701 1879 754 1961 qui
777 1879 928 1944 consolari
952 1897 1007 1943 nos
1030 1880 1134 1963 potins
1157 1899 1213 1962 per
1235 1880 1341 1944 diuina
1362 1897 1436 1963 pro-

299 1982 396 2046 missa
418 1981 592 2066 cupiebam,
616 1983 861 2047 consolationem
884 1984 949 2066 ipse
972 2002 1033 2049 non
1057 1985 1167 2068 capio?
1201 2001 1309 2048 causas
1326 1989 1435 2048 tamen

248 2111 272 2152 ra
298 2086 387 2150 uobis
410 2087 539 2151 recidini
562 2088 654 2151 huius
678 2087 791 2152 doloris
815 2105 975 2170 exponam.
1011 2093 1179 2170 utcumque
1203 2089 1287 2153 enim
1309 2089 1435 2152 animus

299 2207 438 2256 maerore
454 2191 613 2256 conlectus
628 2192 764 2275 recipere
779 2191 1022 2257 consolationem
1039 2193 1208 2277 apostolica
1223 2192 1436 2258 exhortatione

298 2297 362 2360 iam
384 2301 538 2380 coeperat,
561 2313 622 2378 qua
645 2297 702 2360 ait:
726 2297 810 2364 nolo
830 2314 895 2360 uos
911 2298 1097 2380 ignorare,
1120 2297 1274 2377 fratres,
1298 2297 1340 2361 de
1355 2297 1436 2362 dor-

300 2399 517 2480 mientibus,
552 2418 595 2464 ne
625 2401 920 2482 contristemini,
955 2401 1053 2466 siout
1082 2401 1211 2482 ceteri,
1241 2402 1301 2483 qui
1332 2421 1436 2485 spem

300 2521 370 2570 non
393 2504 547 2585 hebent,
570 2505 635 2586 sed,
659 2504 713 2569 ubi
735 2505 840 2570 infelix
860 2509 966 2570 noster
981 2506 1155 2570 communis
1172 2505 1299 2570 aduenit
1313 2511 1345 2570 et
1360 2524 1435 2570 enm

247 2633 273 2673 ro
300 2609 367 2674 sine
390 2626 437 2690 ea,
461 2627 521 2691 qna
540 2610 625 2692 prius
642 2608 835 2692 splendebat,
858 2628 985 2693 gemma
1001 2611 1155 2692 conspexi,
1178 2627 1341 2694 perquam
1357 2610 1436 2675 mihi

300 2717 329 2776 et
353 2713 507 2797 acceptior
530 2732 598 2778 esse
622 2711 743 2778 solebat
766 2717 797 2777 11
816 2715 941 2797 gratior,
965 2719 997 2778 et
1012 2715 1100 2796 qnasi
1115 2717 1296 2779 ornamento
1311 2715 1435 2798 proprio

300 2817 449 2900 spoliatus
473 2817 548 2882 mihi
571 2820 602 2881 et
624 2817 786 2882 indecorus
809 2819 961 2901 apparuit.
1007 2819 1095 2883 nouit
1116 2819 1179 2900 ille,
1206 2819 1316 2883 iratres
1340 2819 1436 2883 caris-

300 2921 382 3002 simi,
406 2921 458 3002 qui
481 2921 619 2986 cordium
644 2922 764 2986 occulta
785 2922 926 3002 rimatur,
950 2923 1031 3004 quod
1055 2923 1099 2987 ita
1114 2923 1191 2988 mihi
1206 2923 1291 2988 dolor
1306 2929 1436 3007 repente

299 3025 475 3108 geminatus
507 3029 555 3090 est
585 3029 615 3090 et
646 3027 691 3090 ita
720 3026 797 3090 mihi
827 3045 881 3110 per
909 3027 1047 3112 singulos
1071 3027 1137 3092 dies
1161 3029 1198 3092 de
1221 3032 1309 3092 tanta
1331 3028 1436 3092 indole

247 3152 273 3193 11
299 3128 383 3193 illins
407 3132 439 3192 et
461 3129 551 3193 istius
575 3130 764 3194 desolatione
788 3130 918 3196 affectus
942 3131 1114 3216 duplicatur
1136 3137 1166 3196 et
1185 3133 1297 3212 luctus,
1320 3135 1355 3196 ut
1376 3150 1437 3198 nec

299 3233 383 3297 hunc
412 3235 548 3317 aspicere
571 3232 655 3318 <nec>
676 3234 760 3298 illius
791 3236 972 3300 meminisse
1004 3237 1070 3301 sine
1100 3237 1236 3301 lacrimis
1267 3253 1379 3320 queam
1402 3241 1437 3302 et

299 3337 515 3421 propheticum
545 3339 622 3403 illud
652 3340 775 3422 saepius
806 3340 920 3403 dicam:
956 3341 1037 3422 quis
1071 3341 1175 3406 dabit
1207 3342 1322 3425 capiti
1356 3359 1436 3406 meo

300 3459 431 3524 aquam
455 3446 491 3506 et
513 3443 633 3507 oculis
656 3444 747 3508 meis
770 3445 912 3508 fontem
934 3446 1193 3510 lacrimarum?
1228 3446 1282 3512 sed
1305 3446 1357 3510 ille
1378 3463 1437 3530 po-

299 3545 364 3628 puli
388 3545 435 3610 sui
458 3550 585 3628 peccata
606 3547 749 3628 deflebat,
774 3567 830 3632 ego
853 3567 926 3613 nero
948 3550 1080 3633 propria,
1104 3567 1182 3632 quae
1205 3555 1237 3614 et
1259 3569 1308 3614 me
1332 3553 1363 3615 et
1377 3569 1437 3615 nos

249 3673 275 3713 eo
300 3649 436 3733 pondere
459 3669 515 3715 suo
539 3654 570 3714 11
592 3652 816 3716 numerositate
839 3657 1030 3736 pressemnt,
1059 3672 1115 3738 ego
1137 3657 1173 3718 ut
1195 3655 1278 3719 illius
1301 3659 1437 3719 mortem

300 3755 332 3817 et
354 3771 456 3818 meam
479 3755 588 3834 uitam,
612 3755 697 3819 illam
722 3755 900 3820 defunctam
924 3761 955 3820 et
977 3776 1027 3822 me
1051 3759 1252 3841 superstitem
1275 3759 1436 3842 plangam.

370 3877 375 3892 ι
404 3908 448 3978 17]
469 3912 481 3964 l
502 3907 685 3972 Τ11111.4,12.
739 3910 784 3979 27]
802 3909 852 3964 111.
866 3915 890 3975 9,
905 3913 927 3966 1.

345 4044 522 4104 lsolcbarS
572 4047 784 4105 ndirrumtne‘
834 4049 1006 4107 tottimis
1058 4051 1214 4120 5pdcdiS
1266 4055 1297 4108 10
1315 4051 1442 4110 offitiis

302 4133 333 4187 14
353 4132 426 4201 capio
444 4151 467 4198 v,
487 4134 564 4202 cupio
580 4136 660 4190 SKr.
717 4139 748 4191 15
767 4134 842 4189 uobis
863 4154 885 4204 o,
904 4139 991 4194 uosS
1042 4141 1073 4194 17
1093 4154 1193 4207 quaec
1245 4139 1438 4208 11111οεί1111-

300 4233 386 4274 11111
440 4221 472 4275 18
485 4221 569 4277 necS
620 4221 847 4279 contristiminiS
899 4226 930 4279 21
951 4225 1111 4293 acceptiores
1124 4241 1151 4280 11
1164 4225 1408 4295 crotonenses-r.
1423 4249 1441 4284 c

299 4306 333 4361 25
361 4304 511 4374 duplicatus
538 4311 615 4363 estc
684 4310 718 4364 26
741 4309 914 4378 1111111111,
938 4312 1031 4368 cm.S
1098 4311 1256 4382 2711118,
1281 4311 1357 4367 illum
1380 4315 1436 4371 Kr.

300 4393 334 4448 29
352 4408 402 4460 que
421 4394 444 4448 S
496 4395 526 4449 31
547 4398 579 4447 ut
597 4401 658 4450 cate
676 4395 751 4448 illem
769 4397 865 4452 11111111
883 4398 1065 4454 Mommseaus
