3244 5130
624 469 722 524 Liber
739 471 767 524 11
786 474 878 526 8-10.

699 749 803 814 VIIII.

187 913 237 956 UBl
262 913 383 955 coum
406 913 605 955 nonnulauos
627 913 708 954 DEUS
732 913 884 955 cuminus
907 914 1141 954 Pauul'rnuuuau
1164 914 1207 953 AD
1223 913 1322 955 Ul'rall

186 1002 292 1060 DEDl'l',
321 1001 376 1050 Qul
399 1001 517 1049 uulnus
540 1001 621 1043 nnus
645 1001 784 1042 surmus
807 999 944 1042 SANCTUS
967 999 1043 1042 ESSE
1065 1001 1127 1041 Pulc
1149 1001 1242 1042 IPSUH
1265 1000 1323 1040 011·

495 1089 594 1130 nunu
619 1085 782 1129 mcuuoms
805 1087 1011 1130 osumluun.

227 1223 376 1302 Aduerte,
400 1223 554 1304 quomodo
570 1223 602 1287 in
622 1241 756 1306 persona
778 1223 878 1286 sancti
901 1223 1038 1305 spiritus,
1062 1224 1113 1304 qui
1130 1222 1232 1286 subito
1249 1221 1323 1287 Cor·
1362 1249 1374 1286 a

186 1329 303 1392 nelium
333 1332 366 1391 et
396 1327 494 1392 socios
522 1327 588 1392 eius
611 1327 765 1412 impleuit,
796 1327 845 1392 dei
869 1345 982 1392 nomen
1006 1327 1170 1412 multiplici
1193 1331 1323 1391 attesta-

185 1434 268 1498 tione
291 1432 539 1496 concelebratur:
571 1432 627 1496 his
651 1432 806 1512 auditis,
834 1431 947 1515 inquit,
970 1437 1168 1497 tacuerunt
1190 1435 1226 1496 et
1247 1433 1323 1516 glo-

184 1537 435 1600 riiicaueruut
471 1535 578 1600 deum
610 1536 793 1600 dicentes:
833 1554 919 1620 ergo
954 1539 990 1600 et
1022 1535 1200 1620 gentibus
1234 1536 1323 1600 deus

183 1641 462 1725 paenitentiam
498 1641 541 1705 ad
575 1641 693 1706 uitam
728 1641 838 1705 dedit.
893 1660 954 1723 quo
983 1641 1050 1705 loco
1081 1645 1189 1706 contra
1216 1639 1323 1704 Noua-

116 1825 118 1830 ,
184 1747 284 1810 tianos
308 1745 533 1810 adnectendum
557 1749 615 1827 est,
638 1746 720 1828 quod
743 1745 968 1830 paenitentiam
991 1745 1064 1809 dare
1081 1745 1203 1824 dicitur,
1227 1763 1321 1826 qnam
1352 1771 1376 1807 lo

183 1852 293 1933 ntique
324 1868 388 1914 uon
418 1850 509 1914 aliter
539 1851 599 1914 nisi
630 1869 793 1915 seruorum
821 1869 948 1914 suorum
972 1849 1240 1914 administratione
1263 1851 1324 1914 lar-

182 1955 275 2039 gitur.
321 1954 397 2018 dum
421 1973 493 2038 ergo
517 1955 605 2019 dicit:
636 1956 718 2037 quis
742 1972 807 2039 ego
831 1973 945 2035 eram,
977 1955 1038 2038 qui
1068 1973 1215 2038 possem
1245 1972 1325 2036 pro·

182 2057 310 2122 hibere
348 2059 469 2140 deum,
507 2063 540 2124 et
571 2060 700 2124 iterum:
740 2077 826 2144 ergo
861 2059 950 2124 deus
987 2057 1166 2144 gentibus
1199 2059 1325 2142 paeni-

183 2163 340 2228 tentiam
376 2163 418 2227 ad
453 2164 570 2228 uitam
604 2163 722 2246 dedit,
757 2182 837 2246 quae
868 2165 899 2228 in
931 2167 996 2229 tam
1027 2163 1201 2228 manifestis
1231 2163 1325 2227 rebus

185 2268 378 2352 expectanda
401 2273 450 2332 est
472 2269 694 2352 interpretatio,
718 2269 766 2332 cui
790 2269 840 2333 uel
863 2269 971 2352 ignaro
994 2287 1056 2332 non
1080 2267 1253 2335 satisfaciat
1275 2269 1325 2331 uel
1353 2291 1377 2331 rs

182 2373 341 2436 incredulo
369 2373 401 2437 in
424 2373 533 2438 sancti
548 2374 676 2457 spiritus
700 2373 836 2438 aduentu
861 2374 977 2438 totiens
1000 2373 1097 2437 diuini
1120 2373 1253 2436 nominis
1276 2391 1324 2436 re·

182 2477 282 2561 petita
304 2479 480 2542 confessio?

730 2636 769 2700 X.

183 2815 234 2855 UBl
262 2814 307 2853 AD
337 2813 524 2854 conluuuuos
548 2815 644 2854 PRIMA
669 2815 808 2856 summus
832 2813 969 2856 SANCTUS
992 2815 1067 2855 ESSE
1090 2813 1252 2855 UlRTU'I'Ubl
1276 2815 1325 2854 Dl-

451 2901 705 2942 sunluuuromuus
728 2900 811 2943 nnus
834 2901 1055 2943 vacuamus.
1352 2901 1377 2940 20

225 3053 344 3136 Accipe
363 3053 402 3118 ad
418 3053 606 3134 Corinthios,
630 3055 713 3135 quod
734 3055 835 3118 solnm
856 3055 956 3137 possit
976 3073 1031 3137 pro
1052 3055 1220 3118 asserenda
1236 3054 1325 3136 spiri-

184 3163 235 3224 tus
255 3159 356 3222 sancti
377 3158 540 3222 diuinitate
561 3158 715 3222 sufficere.
747 3159 823 3222 dicit
842 3178 897 3241 per
914 3158 1079 3241 epistolam
1095 3159 1135 3222 ad
1150 3157 1324 3222 Hebraeos:

184 3266 428 3328 contestante
458 3263 524 3326 deo
548 3263 670 3346 signis
693 3267 729 3327 et
757 3264 945 3346 portentis
969 3267 1005 3326 et
1034 3263 1151 3326 uariis
1174 3263 1325 3326 uirtuti·

183 3369 250 3434 bus
267 3373 304 3433 et
324 3368 483 3452 spiritus
499 3369 622 3433 sancti
642 3367 977 3433 distributionibus
998 3369 1200 3432 secundum
1222 3387 1324 3432 suam

183 3473 428 3538 uoluntatem.
466 3473 696 3556 interrogemus
718 3473 822 3556 ipsum
846 3473 1033 3556 apostolum,
1056 3477 1161 3536 utrum
1184 3491 1265 3536 unus
1289 3491 1325 3534 cx
1353 3497 1378 3534 a

183 3577 333 3642 creaturis
357 3577 398 3641 sit
419 3577 478 3642 iste
501 3577 728 3642 charismatum
752 3575 943 3642 distributor.
982 3577 1136 3641 habemus
1160 3576 1199 3640 ad
1216 3575 1325 3642 Corin·

182 3682 265 3746 thics
287 3682 403 3764 prima:
435 3685 560 3748 notum
590 3681 699 3748 uobis
729 3682 841 3762 facio,
872 3682 966 3764 quod
997 3699 1102 3746 namo
1129 3682 1165 3746 in
1189 3681 1325 3765 spiritu

287 3905 1031 3977 maonmsrmacnmucmucnac
1077 3907 1324 3976 mmcnmaa

225 4117 381 4172 3ordinem
400 4118 522 4186 ipsumo
575 4117 697 4172 deotios
720 4119 749 4172 P
798 4116 1009 4185 9peuiteutiam
1028 4117 1056 4170 It
1110 4118 1143 4171 14
1160 4119 1217 4170 tam
1241 4135 1327 4172 ome·

185 4207 215 4258 15
234 4204 408 4273 expectanda]
429 4203 625 4257 manifestanda
644 4223 659 4258 o
714 4206 747 4259 16
765 4203 846 4257 tocies
865 4205 892 4258 R
946 4205 978 4258 19
998 4202 1231 4257 distributionibus
1250 4203 1325 4272 deus]

184 4315 826 4373 cmmmnmammmr
894 4281 1328 4391 ffimnummu

183 4429 216 4488 23
233 4396 380 4486 ernendae
400 4431 427 4488 P
478 4433 512 4490 26
532 4430 703 4490 carismatum
723 4431 775 4490 us
