3222 5144
593 457 658 550 llll.
678 496 786 550 Sermo
804 499 880 552 8-9.
1246 497 1310 562 255

169 669 279 752 itinera
307 669 438 734 fideliter
466 689 501 734 ac
528 671 661 736 feliciter
688 672 845 753 possimus
872 670 996 735 imitari.
1047 670 1137 752 quasi
1165 689 1226 735 non
1255 670 1312 734 tibi

169 772 293 837 uidetur
320 774 382 839 ianr
411 795 465 859 per
493 775 587 840 aliam
615 777 700 840 uiam
729 776 768 840 ad
799 776 933 859 patriam
961 793 1115 855 remeare,
1146 775 1200 858 qui
1226 776 1311 859 prius

169 877 292 943 solebat
319 897 370 943 res
398 881 514 945 alienas
547 881 657 946 tollere
688 885 719 944 et
748 899 831 945 nnnc
858 881 944 962 cupit
973 898 1045 944 snas
1075 880 1312 944 misericorditer

169 985 319 1066 erogare?
364 1002 427 1050 non
454 985 510 1050 tibi
534 985 657 1050 uidetur
683 1004 739 1068 per
763 985 857 1050 aliam
885 986 969 1048 uiam
996 985 1148 1064 incedere,
1178 985 1230 1066 qui
1252 984 1312 1048 fuit

169 1089 292 1152 adulter
315 1093 348 1153 et
374 1093 423 1154 est
444 1093 561 1170 castus
589 1090 643 1172 qui
669 1091 773 1154 fuerat
799 1089 939 1154 ebriosus
963 1094 994 1153 et
1022 1093 1071 1154 est
1097 1087 1230 1168 sobrius,
1259 1089 1311 1170 qui
1351 1120 1363 1158 e

169 1192 292 1257 solebat
308 1195 491 1259 maledicere
508 1199 540 1259 et
561 1193 727 1275 benedicit,
750 1195 804 1276 qui
825 1195 929 1258 fuerat
949 1194 1075 1258 inuidus
1099 1197 1131 1258 et
1154 1197 1202 1257 est
1223 1192 1311 1258 beni-

168 1301 272 1381 gnus?
319 1299 345 1362 si
369 1299 453 1363 enim
477 1299 666 1364 orationibus
690 1299 784 1364 simul
809 1299 952 1364 ebbonis
976 1298 1121 1382 operibus
1145 1297 1202 1362 deo
1225 1299 1311 1362 auxi-

167 1402 265 1466 liante
288 1403 508 1468 contendimus
536 1403 595 1468 boc
622 1403 729 1468 ordinm
757 1403 1031 1467 conuersationum
1058 1405 1235 1466 nostrarum
1262 1403 1312 1466 iti-

169 1523 246 1570 nera
259 1507 292 1570 in
308 1507 420 1572 melius
436 1511 639 1588 commutare,
663 1507 702 1572 ad
718 1510 878 1572 aeternam
895 1507 1122 1572 beatitudinem
1138 1505 1311 1588 poterimus

168 1611 334 1694 peruenire
361 1616 541 1694 praestante
565 1613 690 1678 domino
718 1615 824 1677 nostro
847 1612 921 1675 Iesu
944 1610 1076 1691 Christo,
1100 1611 1153 1693 qui
1176 1611 1257 1675 uiuit
1280 1615 1311 1676 et
1339 1643 1363 1681 ιο

169 1720 281 1800 regnat
302 1717 334 1781 in
358 1718 484 1782 saccula
506 1718 710 1782 saeculorum.
734 1715 848 1782 Amen.

690 1961 807 2043 tenu.¹

619 2124 662 2164 DE
685 2123 866 2165 detrusum.

216 2239 305 2320 Quod
327 2239 419 2304 uobis
444 2239 481 2304 de
504 2241 652 2305 hesterna
679 2241 848 2306 festiditate
875 2244 1001 2323 propter
1026 2240 1167 2306 laborem
1190 2242 1312 2326 uigilia-

169 2363 242 2408 rum
262 2345 505 2424 reseruauimus‚
529 2363 622 2425 nune,
646 2345 672 2408 si
691 2344 815 2424 iubetis,
839 2347 1021 2427 oportunius
1044 2345 1151 2410 audire
1170 2347 1311 2428 potestis.
1340 2372 1365 2412 15

169 2449 320 2533 proxime,
344 2449 456 2513 iratres
477 2449 639 2529 carissimi,
663 2449 801 2513 natalem
821 2448 939 2513 domini
959 2449 1123 2513 saluatoris
1144 2451 1313 2533 exegimus,

171 2571 233 2636 quo
249 2552 339 2618 nobis
363 2556 455 2618 natus
478 2554 510 2616 in
533 2557 674 2635 tempore
690 2556 738 2618 est
760 2554 901 2618 omniurn
924 2554 1119 2618 saeculorum
1142 2571 1178 2617 ac
1193 2557 1313 2637 tempo-

170 2676 243 2722 rum
254 2660 432 2722 antecessor
445 2660 477 2720 et
492 2657 639 2722 eonditor.
674 2657 765 2721 bodie
781 2675 854 2721 uero
869 2677 925 2741 per
937 2658 1124 2722 documenta
1139 2657 1314 2722 certissima

171 2763 248 2827 dens
279 2763 313 2826 in
343 2761 468 2826 homine
499 2761 674 2826 declaratus
705 2766 764 2842 cst,
795 2761 862 2826 sine
892 2761 975 2844 quod
1005 2761 1130 2826 stellam
1161 2762 1198 2826 de
1228 2763 1313 2826 caelo

171 2871 259 2930 ortus
280 2867 329 2930 sui
349 2867 495 2931 nuntium
515 2865 669 2948 praebuit,
690 2885 785 2950 quam
808 2865 1013 2949 sequentibus
1036 2868 1136 2950 magis
1160 2885 1258 2949 usque
1273 2867 1313 2931 ad
1339 2893 1365 2932 ec

171 2974 337 3054 susceptae
366 2957 518 3035 infantiae
547 2971 726 3036 ueneranda
756 2971 913 3036 cunabula
941 2971 1103 3053 praeniam
1133 2971 1216 3052 fecit,
1247 2971 1312 3036 sine

172 3075 254 3158 quod
285 3076 317 3139 in
348 3075 488 3140 Iordanis
520 3077 608 3140 alueo
639 3093 735 3158 aquas
766 3076 912 3140 omnibus
942 3074 1088 3160 gentibus
1116 3075 1312 3140 adsalutem

171 3178 304 3243 humani
326 3180 449 3262 generis
480 3197 536 3244 suo
559 3179 750 3262 baptismate
781 3181 975 3244 consecrauit
997 3217 1040 3224 —
1063 3198 1116 3244 eas
1147 3180 1230 3244 enim
1260 3181 1313 3244 illc

172 3282 319 3348 omnibus
342 3284 431 3365 aqnis
454 3285 558 3366 purior
580 3303 643 3349 non
666 3289 733 3349 tarn
756 3283 996 3349 sanctificandus
1020 3301 1114 3367 quam
1137 3283 1313 3349 sanctifica·

172 3391 263 3451 turns
280 3387 409 3452 intrauit
424 3423 475 3468 —‚
500 3389 566 3452 siue
582 3389 659 3452 haec
682 3389 791 3453 eadem
814 3389 896 3452 illius
921 3388 1063 3452 miraculi
1087 3388 1153 3453 dies
1177 3389 1227 3469 sit,
1251 3407 1312 3471 qua
1338 3415 1365 3456 rs

219 3528 231 3580 l
256 3525 358 3579 itenere
382 3527 411 3582 D
475 3525 576 3581 imitari
598 3545 631 3583 cx
654 3527 752 3580 mutari
775 3527 805 3582 D
866 3529 882 3581 2
902 3527 1012 3580 remiare
1031 3528 1061 3582 D
1112 3526 1235 3596 3coepit
1252 3527 1314 3581 Mai

172 3611 374 3668 eructuarent
427 3617 442 3668 5
466 3615 512 3682 qui
535 3613 800 3668 fuerat—benedicit
818 3615 848 3670 D
864 3616 896 3670 in
913 3632 998 3686 uturp.
1011 3633 1069 3685 casp.
1132 3615 1268 3672 8itenera
1284 3616 1315 3670 D

172 3701 370 3753 Dcommotare
390 3700 419 3754 D
489 3701 684 3771 reincipiens
703 3701 845 3771 epiphania
862 3717 948 3755 sermo
971 3701 1081 3756 faustini
1100 3703 1142 3770 D‚·
1163 3703 1207 3758 bic
1228 3719 1314 3758 senno

173 3791 261 3841 cuent
283 3788 364 3840 etiam
382 3787 412 3840 in
430 3788 487 3842 cod.
501 3789 591 3844 Paris.
606 3789 652 3843 lut.
665 3793 735 3844 3783
752 3805 819 3844 socc.
833 3788 885 3844 XI
898 3789 946 3856 sol.
959 3793 1011 3842 90·
1028 3789 1091 3856 (P);
1111 3789 1176 3842 itam
1200 3787 1314 3842 homelia

174 3871 207 3926 de
225 3871 283 3926 scili
303 3873 427 3943 epyphan
444 3857 485 3928 sbi
500 3873 582 3928 fausti
601 3857 642 3944 epi
661 3875 689 3929 P
749 3877 780 3931 14
798 3878 903 3928 esterna
920 3875 950 3928 D
1007 3877 1039 3930 16
1057 3877 1139 3930 uerbo
1156 3875 1313 3944 proxime-

172 3977 200 4030 p.
212 3963 303 4026 257‚5
321 3960 486 4015 substantiae
504 3970 655 4031 conpescunt
674 3981 734 4018 eum
751 3964 833 4018 initio
852 3963 949 4018 Euocat
962 3965 1062 4018 bom
1116 3965 1148 4017 17
1166 3960 1255 4032 tepere
1272 3964 1313 4018 D¹

174 4087 205 4126 ao
223 4089 256 4128 au
273 4075 302 4126 at
319 4075 349 4128 D
421 4079 453 4132 18
475 4091 522 4144 per
544 4075 705 4130 documenta
727 4075 886 4144 certissima]
910 4074 979 4128 siout
1001 4073 1123 4142 prodigia
1145 4042 1314 4130 commoniti

175 4185 323 4240 certissimo
347 4187 375 4240 P
394 4187 541 4257 (suprascr.
559 4207 631 4244 mun.
648 4189 708 4255 alt.)
780 4191 811 4244 19
839 4186 916 4241 stella
938 4187 1041 4242 PEaa.
1112 4189 1146 4244 20
1169 4189 1266 4242 nuncia
1288 4189 1316 4243 P

175 4271 346 4342 stupentibus
365 4273 393 4328 P
400 4273 468 4329 Eue.
523 4275 614 4343 utique
628 4275 655 4329 P
705 4277 737 4330 21
757 4277 876 4344 suscepte
889 4275 948 4330 DP
997 4275 1116 4344 preuiam
1130 4277 1163 4344 P,
1181 4276 1271 4341 uniam
1284 4276 1314 4330 D

175 4359 209 4414 22
232 4359 260 4413 in
283 4377 334 4416 osu.
351 4361 379 4414 P
446 4363 480 4416 23
503 4377 551 4414 suo
568 4379 601 4417 ec
619 4379 667 4414 suc
687 4362 715 4415 P
783 4359 942 4415 babtismate
966 4363 995 4418 D
1064 4363 1099 4418 24
1121 4363 1212 4432 purior
1236 4363 1313 4432 Eua,

178 4447 248 4514 prior
267 4448 324 4501 ΗΡ
375 4450 408 4502 25
427 4464 506 4516 quam
527 4449 553 4502 P
