3264 5134
293 453 335 516 30
753 452 773 506 l.
793 453 836 506 De
854 454 963 520 gratia

293 629 479 708 deprauatus
503 627 672 710 adpeteret,
696 629 727 692 in
748 627 869 692 arbitrii
884 628 1028 692 libertato
1043 629 1232 712 permissum
1248 629 1307 692 sibi
1322 630 1422 708 sciret,

292 733 383 795 licere
407 732 550 812 nesciret,
575 735 600 795 si
623 735 730 796 autem
752 733 869 796 bonurn
886 737 1021 815 cuperet,
1045 733 1198 796 actionem
1215 737 1247 797 et
1262 734 1424 816 perfectio-

292 854 365 899 nem
388 836 454 899 eius
477 855 496 899 a
518 837 676 900 conditore
699 837 887 919 deposceret,
911 837 949 900 ad
972 837 1149 900 mercedem
1169 855 1242 901 uero
1258 837 1342 901 illius
1358 837 1424 901 offi-

292 940 376 1003 ciosa
402 940 524 1004 deuotio
546 941 725 1022 pertineret.
765 945 797 1004 et
825 941 893 1005 ideo
924 941 1058 1006 hominis
1086 943 1235 1006 formator
1265 945 1296 1005 et
1324 945 1423 1006 rector

253 1060 266 1098 ⁶
292 1042 392 1107 bonae
415 1043 587 1108 uoluntatis
611 1045 728 1108 homini
752 1045 914 1128 deputauit
936 1064 1038 1124 usum,
1064 1046 1123 1109 sibi
1142 1046 1315 1109 resernauit
1334 1045 1423 1109 effee

292 1152 370 1210 tum.
402 1165 464 1212 non
488 1165 560 1230 ergo
584 1166 718 1229 aequum
741 1149 920 1230 iustumque
943 1149 997 1212 uni
1014 1149 1094 1213 uelle
1111 1151 1265 1214 concessit
1288 1153 1320 1213 et
1335 1150 1422 1214 alteri

293 1251 468 1334 denegauit,
496 1251 550 1314 scd
574 1252 653 1315 sicut
674 1251 759 1316 omni
782 1252 901 1315 homini
924 1271 1050 1316 manum
1074 1255 1196 1332 oculum
1220 1273 1422 1336 gressumque

292 1355 429 1435 donauit,
453 1355 497 1418 ita
519 1356 663 1419 similiter
686 1356 770 1419 omni
786 1356 903 1420 homini
919 1357 1124 1436 uoluntatem,
1147 1361 1182 1420 ut
1198 1376 1268 1422 eam
1284 1359 1315 1421 in
1331 1377 1422 1440 quas-

292 1459 369 1522 libet
398 1463 502 1540 partes
534 1463 682 1540 uersaret,
713 1459 864 1524 indulsit·
892 1461 1011 1524 iustitia
1041 1479 1113 1544 ergo
1142 1462 1174 1525 in
1205 1462 1331 1526 homine
1361 1480 1421 1526 non

241 1581 265 1618 ¹⁰
291 1565 470 1647 personale,
505 1564 559 1627 sed
588 1565 732 1647 generale
760 1568 790 1628 et
815 1563 974 1646 publicum
1006 1564 1054 1628 dei
1085 1584 1199 1629 munus
1228 1569 1283 1630 est.
1320 1567 1421 1630 aditus

292 1667 498 1750 capessendae
522 1668 632 1732 salutis
655 1669 745 1750 quasi
767 1669 837 1732 fons
853 1668 979 1750 quidam
1002 1669 1033 1732 in
1055 1670 1191 1733 medium
1209 1670 1316 1734 mundi
1331 1670 1421 1734 huius

292 1773 448 1855 expositus
473 1773 558 1836 etin
581 1790 745 1836 commune
774 1791 938 1836 concessus
969 1774 1008 1836 ad
1036 1773 1242 1838 hauriendum
1269 1774 1420 1838 uniuersis

291 1880 387 1959 patet,
411 1879 446 1940 ut
468 1877 607 1959 largitori
630 1877 740 1940 merito
764 1896 834 1940 reus
859 1877 910 1956 sit,
934 1878 986 1959 qui
1009 1877 1132 1941 haurire
1157 1879 1336 1961 neglexerit.

335 1979 488 2044 Omnibus
511 1981 616 2062 itaque
640 1979 780 2044 oblatum
805 1985 862 2061 est,
886 1981 966 2062 quod
982 1980 1020 2044 ab
1037 1980 1182 2045 omnibus
1197 1982 1420 2064 reposcendum
1487 2044 1488 2047 ,

241 2099 265 2138 1⁵
293 2089 349 2148 est.
387 2103 460 2148 nam
488 2085 514 2148 si
541 2085 621 2147 circa
651 2085 796 2164 hominis,
827 2089 862 2148 ut
891 2085 1006 2165 dicunt,
1037 2086 1171 2148 salutem
1201 2087 1343 2168 specialis
1374 2089 1422 2149 est

292 2189 490 2271 dispensatio,
521 2189 623 2252 neseio
655 2187 807 2270 quomodo
837 2189 990 2271 generalis
1020 2190 1135 2270 poterit
1162 2209 1230 2254 esso
1261 2190 1419 2254 discussio.

292 2294 345 2358 sed
368 2311 440 2356 cum
463 2292 561 2356 dicat:
585 2310 709 2356 omnes
733 2310 797 2356 nos
821 2293 1058 2357 manifestari
1080 2297 1228 2375 oportet
1250 2298 1334 2358 ante
1357 2294 1421 2357 tri-

290 2396 402 2460 bunal
434 2397 506 2476 dei,
539 2414 601 2460 non
632 2415 701 2460 earn
732 2395 771 2460 ab
802 2396 948 2460 omnibus
978 2396 1156 2460 terribiliter
1187 2397 1332 2480 exigeret,
1363 2398 1421 2460 nisi

291 2501 435 2565 omnibus
459 2501 695 2566 misericorditer
718 2501 892 2566 obtulisset.
931 2503 1025 2584 igitur
1051 2503 1084 2564 in
1110 2503 1270 2584 procinctu
1293 2502 1421 2566 militiae

238 2620 264 2658 20
290 2606 493 2670 constitutum
521 2606 565 2669 ita
595 2607 754 2688 apostolus
784 2606 982 2670 adhortatur:
1012 2605 1140 2669 labora
1169 2607 1274 2687 quasi
1305 2606 1419 2670 bonus

290 2711 398 2774 miles
423 2709 573 2774 Christi.
611 2728 716 2774 nemo
740 2711 909 2774 militans
933 2710 997 2773 deo
1020 2710 1176 2792 inplicat
1198 2729 1235 2773 se
1258 2711 1419 2793 negotiis

290 2813 564 2894 saecularibus,
588 2819 628 2878 ut
651 2815 682 2877 ei
703 2814 865 2896 placeat,
890 2815 948 2896 cui
971 2834 1008 2878 se
1031 2813 1216 2897 probauit.
1255 2832 1337 2878 nam
1360 2814 1420 2896 qui

289 2919 326 2982 in
350 2935 465 3002 agone
489 2918 695 2998 contendit,
718 2937 788 2983 non
811 2923 1025 2998 coronatur,
1053 2919 1126 2982 nisi
1153 2918 1320 3001 legitime
1348 2937 1419 2982 ccr-

290 3023 443 3102 tauerit‚
467 3023 649 3086 etiterum:
680 3021 911 3085 laborantem
939 3023 1141 3106 agricolam
1172 3025 1319 3103 oportet
1350 3022 1420 3103 pri-

238 3137 263 3176 16
289 3143 385 3188 mum
409 3125 450 3188 de
473 3125 659 3189 fructibus
683 3125 860 3207 accipere.
899 3127 970 3190 audi
998 3130 1030 3188 ct
1059 3126 1120 3189 alio
1150 3126 1216 3190 loco
1245 3126 1418 3206 apostolum

290 3247 352 3294 non
374 3231 429 3292 tna
451 3229 514 3292 otia
535 3229 783 3311 praedicantem:
807 3229 849 3292 de
871 3235 1008 3308 cetero,
1031 3230 1140 3310 inquit,
1164 3230 1316 3309 fratres,
1340 3247 1419 3293 con-

289 3333 483 3398 fortamini
505 3334 542 3397 in
565 3334 710 3398 domino
738 3337 774 3397 et
796 3334 832 3397 in
854 3335 1026 3416 potentia
1055 3334 1211 3398 uirtutis
1243 3335 1331 3398 eius.
1369 3334 1419 3396 in-

290 3437 391 3501 duite
414 3455 478 3502 uos
502 3441 690 3501 armatura
712 3437 783 3516 dei,
807 3441 846 3501 ut
864 3438 1019 3520 possitis
1044 3441 1145 3502 stare
1169 3438 1346 3502 aduersus
1369 3437 1419 3500 in-

290 3541 406 3605 sidias
424 3541 572 3606 diaboli.
601 3541 686 3624 quia
705 3559 776 3606 non
793 3545 849 3605 est
864 3541 969 3605 nobis
989 3542 1220 3607 conluctatio
1240 3543 1418 3606 aduersus

238 3656 263 3696 ³⁰
290 3663 438 3710 carnem
462 3650 497 3709 et
520 3647 755 3728 sanguinem,
785 3647 848 3709 sed
879 3647 1059 3710 aduersus
1088 3647 1277 3729 principes
1305 3649 1341 3710 et
1361 3663 1419 3727 po-

289 3753 462 3831 testates,
487 3750 666 3814 aduersus
689 3751 814 3812 mundi
838 3754 1003 3814 rectores
1026 3751 1265 3814 tenebrarum
1281 3751 1417 3829 barum,

393 3957 537 4026 ruauor.
551 3961 574 4022 s,
587 3960 626 4013 10.
671 3957 861 4027 eumuna,
872 3959 895 4013 3.
941 3957 1166 4027 adamnan
1209 3957 1417 4028 auspicio.

332 4129 532 4198 diustumquae
551 4132 578 4186 P
646 4130 843 4199 ldcnaegauit
865 4133 892 4185 P
959 4147 1147 4200 gressumque-a
1170 4133 1197 4187 P
1264 4135 1376 4200 9perte
1394 4132 1421 4186 P

288 4216 434 4286 quamlibet
451 4220 587 4286 partemo
658 4221 687 4273 ll
708 4217 863 4286 capisendae
882 4219 909 4273 P
973 4221 1004 4273 12
1023 4218 1152 4272 auriendri
1170 4219 1198 4272 P
1261 4219 1420 4273 lamentor

288 4305 344 4357 eius
362 4304 390 4358 P
435 4305 498 4372 quia
515 4305 600 4358 aurire
618 4304 646 4358 P
692 4307 724 4360 18
743 4303 942 4358 terrebilitorP
986 4309 1105 4372 exegerat
1123 4306 1151 4359 P
1198 4308 1229 4360 19
1246 4304 1422 4372 procinctoP

288 4393 322 4448 22
335 4407 396 4444 nam
410 4395 437 4444 et
449 4409 465 4446 a
499 4390 728 4458 24cgrioulcmP
766 4391 923 4446 25deom.o
962 4394 1200 4446 28armaturamu
1239 4390 1421 4446 29diabuliP
