3264 5134
631 473 868 561 cibariis-4.
1276 505 1318 570 65

179 697 254 744 uero
276 679 455 763 promiscua
477 680 510 743 in
532 698 646 764 genere
669 680 807 745 humano
831 681 989 745 electionis
1016 681 1095 745 ratio
1123 681 1238 764 agitur,
1266 699 1320 746 cur

180 783 219 846 ab
242 783 301 848 hoc
322 802 450 848 munere
471 784 573 848 omnis
597 787 699 849 status
720 785 867 868 puellaris
891 784 1060 868 excipitur?
1097 785 1148 848 hic
1171 803 1244 868 orgo
1267 785 1320 849 de-

179 888 256 952 creti
283 891 366 953 sorte
394 892 536 953 cessante
568 907 652 953 mors
683 889 787 972 pueris
817 907 873 972 pro
903 887 1017 953 diaboli
1046 889 1178 954 infertur
1206 889 1319 970 furore,

179 992 291 1056 mortis
314 1010 389 1057 uero
411 992 571 1058 beatitudo
590 1012 646 1076 pro
669 993 719 1058 dci
741 993 857 1058 honore
881 993 1047 1057 confertur.
1086 1011 1148 1058 non
1172 1011 1244 1076 ergo
1267 1011 1319 1058 eos

178 1097 422 1180 praedestinatio
453 1097 547 1162 morti
577 1097 707 1177 addixit,
738 1097 793 1162 sed
824 1115 936 1162 causae
967 1097 1088 1162 occasio
1115 1097 1318 1162 consecrauit.
1360 1126 1372 1164 s

179 1201 261 1266 hanc
283 1201 614 1285 itaque-paruulorum
636 1202 886 1267 interiectionem
909 1220 972 1267 non
995 1202 1156 1286 dispositio
1179 1202 1238 1281 dei,
1265 1201 1321 1266 sed

179 1305 325 1388 impietas
348 1306 505 1371 ordinauit
527 1306 654 1371 inimici.
700 1307 775 1370 deus
800 1311 920 1386 autem,
949 1307 1001 1388 qui
1029 1307 1123 1370 etiam
1150 1307 1241 1372 malis
1265 1306 1321 1371 ho-

179 1409 304 1474 miuum
333 1409 413 1475 bene
443 1413 555 1491 utitur,
585 1411 739 1494 perempti
765 1411 897 1495 gloriam
925 1412 963 1475 do
993 1412 1110 1475 scelere
1139 1411 1320 1494 perimentis

179 1517 335 1596 operatur.
376 1515 530 1579 contraria
549 1513 676 1596 quidem
696 1515 832 1579 malitiae
853 1516 989 1598 disponit
1010 1516 1165 1596 inuentor,
1189 1515 1243 1579 sed
1265 1513 1320 1578 bo·

180 1617 289 1682 nitatis
312 1621 421 1683 auctor
443 1619 475 1682 in
498 1619 609 1683 melius
633 1619 761 1684 consilia
783 1619 915 1683 aduersa
937 1619 1092 1702 conponit.
1349 1645 1373 1685 ιο

716 1877 790 1942 ΙΠΙ.

180 2039 304 2082 coum
330 2039 403 2098 HOC,
428 2039 512 2088 QUOD
535 2039 665 2082 Dicitur:
689 2041 721 2082 itt
744 2039 832 2081 Issos
855 2038 1041 2081 msulucous
1064 2039 1133 2098 EST,
1157 2039 1237 2088 Quos
1260 2040 1320 2080 ΔΙ)-

180 2127 299 2184 (numm,
330 2128 361 2168 ln
388 2126 477 2167 ILLOO
508 2125 618 2169 lUS'l'US
647 2126 715 2186 EST,
747 2126 826 2174 Quos
856 2127 1035 2184 nummorum,
1067 2126 1130 2168 OUM
1160 2129 1201 2168 BT
1228 2127 1320 2168 OlROA

215 2213 319 2255 HALOS
341 2213 529 2255 HlSldeOORS
552 2215 592 2254 ET
615 2213 707 2256 OlROA
730 2213 829 2255 BONOS
852 2213 951 2254 ETIAM
974 2213 1084 2256 marus
1108 2214 1282 2256 APPAREA'P.

224 2347 255 2414 Si
286 2347 424 2412 hominis
454 2351 572 2412 statum
603 2349 693 2429 deus,
728 2349 809 2412 sicut
837 2347 1037 2432 blasphemat
1063 2349 1224 2432 impietas,
1259 2366 1321 2412 non
1349 2376 1374 2415 rc

180 2453 340 2535 aequitate
361 2452 416 2516 sed
436 2456 590 2536 potestate
611 2453 757 2536 disponit,
779 2452 832 2516 ille
855 2453 1007 2533 fortassis,
1031 2453 1084 2534 qui
1098 2453 1247 2536 pulsauit,
1271 2473 1322 2516 ox·

181 2557 317 2621 cluditur
333 2560 365 2621 et
380 2557 442 2636 ille,
466 2557 600 2639 quinon
623 2557 790 2638 quaesiuit,
814 2556 996 2622 adtrahitur.
1026 2575 1071 2636 ,ac
1095 2558 1138 2622 sic
1160 2575 1218 2621 nec
1241 2557 1323 2622 circa

181 2661 322 2725 saluatcs
346 2661 520 2726 misericors
543 2661 639 2726 luisse
667 2661 837 2742 uidebitur,
866 2660 979 2743 quibus
1007 2679 1069 2726 non
1097 2661 1196 2742 dedit,
1224 2665 1259 2725 ut
1285 2680 1322 2725 ex

181 2763 283 2830 officio
306 2765 550 2830 misericordiam
576 2769 785 2846 mererentur,
813 2785 870 2830 nec
897 2766 980 2830 circa
1001 2766 1137 2848 perditos
1164 2766 1322 2830 aestimari

181 2870 297 2953 poterit
324 2869 441 2950 iustus,
469 2870 523 2952 qui
550 2870 617 2934 sine
644 2871 769 2954 proprio
796 2871 924 2935 crimine
947 2888 966 2935 a
988 2870 1200 2936 misericordia
1223 2871 1323 2954 repel-
1350 2899 1376 2936 rc

181 2973 299 3038 luntur.
345 2973 427 3056 qnod
450 2975 477 3038 si
500 2973 593 3039 ambo
616 2975 659 3039 rei
687 2978 763 3040 sunt
789 2975 821 3038 in
849 2978 975 3055 natura,
1004 2978 1035 3039 et
1061 2975 1093 3038 in
1119 2976 1179 3040 isto
1205 2975 1324 3040 iustitia

181 3077 420 3161 periclitabitur,
447 3079 501 3162 qui
524 3079 590 3144 sine
612 3080 724 3144 merito
747 3079 895 3164 indignus
919 3081 1052 3163 eligitur,
1080 3083 1112 3144 et
1134 3080 1166 3144 in
1188 3081 1241 3145 illo
1265 3080 1324 3144 mi-

182 3182 363 3262 sericordia,
393 3184 446 3264 qui
472 3183 638 3266 perditioni
666 3184 732 3248 sine
759 3185 878 3268 peccati
904 3185 1015 3248 iudicio
1042 3184 1217 3267 deputatur.
1263 3201 1325 3266 qua

182 3288 268 3352 enim
299 3288 510 3354 misericordia
539 3289 708 3354 honoratur
738 3289 870 3368 otiosus,
907 3307 968 3372 qua
1001 3289 1123 3354 iustitia
1157 3290 1324 3354 damnatur

182 3392 349 3456 innoxius?
394 3393 498 3475 itaque
521 3393 596 3458 dum
619 3394 752 3476 inperite
774 3393 859 3458 tollit
878 3393 997 3458 homini
1017 3394 1206 3474 libertatem,
1228 3395 1323 3478 impie
1350 3421 1376 3459 rc

182 3497 241 3560 deo
263 3495 412 3580 probatur
435 3515 548 3581 negare
575 3498 737 3562 iustitiam.
783 3499 810 3562 si
837 3498 931 3578 dicas,
958 3499 1032 3580 quia
1055 3501 1178 3562 tantum
1202 3499 1324 3562 miseri-

182 3619 252 3665 cors
279 3601 311 3664 in
340 3601 493 3684 adquisito
521 3605 553 3665 et
579 3603 680 3666 solum
708 3602 808 3666 iustus
837 3603 869 3667 in
899 3602 1020 3685 perdito
1043 3606 1100 3683 est,
1131 3602 1163 3666 in
1192 3607 1325 3684 utraque

181 3723 317 3788 persona
339 3704 471 3790 abrupte
495 3705 624 3788 negabis
647 3711 813 3789 utramque
836 3707 995 3770 uirtutem.
1036 3725 1109 3770 nam
1132 3725 1189 3770 nec
1212 3709 1243 3770 in
1265 3707 1324 3772 hoc

183 3809 245 3872 erit
267 3809 419 3892 aequitas,
451 3810 477 3873 si
500 3809 597 3893 eligat
619 3827 679 3874 non
703 3810 879 3892 probatum,
910 3811 1026 3874 necin
1054 3811 1106 3874 illo
1133 3809 1267 3893 bonitas
1298 3811 1325 3876 si

182 3913 293 3997 perdat
315 3914 504 3978 inmeritum.
1350 3943 1377 3982 oo

230 4193 332 4259 lqunr
350 4191 377 4246 P
439 4191 608 4261 2excepitur
626 4194 653 4247 P
715 4193 869 4262 deessente
888 4192 916 4245 P
978 4190 1078 4246 diabuli
1098 4193 1126 4246 P
1184 4195 1326 4247 tmorso

180 4278 366 4334 beatissimae
418 4277 655 4348 5prsedistinatio
668 4281 695 4334 P
746 4279 885 4347 diraquae
902 4279 930 4332 P
981 4278 1122 4348 disposicio
1139 4280 1166 4333 P
1217 4281 1324 4348 Spero·

182 4365 282 4420 mentis
301 4366 329 4420 P
381 4368 413 4422 13
430 4365 573 4434 reliquitc
625 4368 659 4421 22
678 4365 791 4435 elegitur
809 4366 836 4419 P
887 4367 921 4422 23
944 4365 1097 4436 perditionill
1115 4367 1149 4432 P,
1167 4367 1325 4434 peritionio

180 4457 218 4510 25
237 4451 342 4521 inques
361 4452 389 4507 P
450 4453 527 4522 impii
544 4453 573 4508 P
634 4455 668 4508 22
687 4457 815 4522 utraquac
833 4453 861 4507 P
922 4456 957 4510 28
975 4457 1117 4524 utramque
1135 4455 1163 4507 P

237 4545 290 4588 m.
305 4545 378 4588 ram.
1153 4545 1168 4591 b
