3222 5144
608 473 674 530 IlIl.
694 473 804 530 Sermo
824 474 863 530 17.
1241 471 1301 540 291

168 655 296 736 ceptum
320 652 437 718 domini
460 655 639 716 sanctorum
662 651 757 734 pedes
780 651 918 732 abluere,
941 670 1002 715 uon
1026 650 1125 732 uides,
1153 653 1305 733 quemodo

167 758 228 822 bec
251 758 410 822 nesciente
434 757 561 822 sinistra
583 774 680 820 manu
702 755 801 839 possit
823 755 962 839 implere.

175 917 179 928 .
213 863 263 926 Ad
293 863 351 926 hcc
377 861 514 945 pertinet
544 861 640 925 etiam
671 859 758 941 illud,
789 859 870 942 quod
898 860 973 924 dixit
999 861 1157 926 domiuus:
1189 862 1305 926 nolite

168 967 206 1031 in
230 967 379 1050 angulis
407 967 618 1050 platearunt
642 983 761 1044 crare,
790 964 853 1028 sed
876 965 989 1046 intra,
1013 965 1123 1047 inquit,
1146 965 1182 1029 in
1206 966 1306 1030 cubi-

169 1072 293 1135 culum
325 1075 427 1135 tuum
458 1073 494 1134 et
520 1071 647 1134 clause
676 1069 771 1134 cstic
800 1087 862 1132 cra
888 1073 1031 1151 patrem
1059 1074 1162 1134 tuum
1189 1070 1225 1134 in
1248 1070 1307 1134 ab·
1345 1095 1358 1134 s

170 1193 313 1240 sconsc.
360 1193 429 1240 ecce
461 1179 492 1238 ct
515 1174 575 1258 ipsi
598 1174 677 1237 bene
701 1173 880 1256 agnoscitis,
911 1174 982 1255 quia
1012 1193 1069 1238 nec
1099 1175 1157 1239 hoc
1184 1194 1308 1257 semper

170 1279 344 1344 secuudum
368 1279 505 1343 litteram
527 1279 641 1362 poterit
668 1277 800 1360 impleri.
847 1295 919 1342 uam
948 1281 979 1341 et
1006 1297 1062 1342 nos
1088 1279 1146 1360 ipsi
1170 1283 1201 1343 et
1224 1283 1307 1343 tutus

170 1385 305 1466 populus
329 1401 390 1448 non
415 1383 517 1448 selum
540 1383 573 1446 in
596 1381 747 1446 cubiculis
771 1382 885 1446 nostris
909 1400 1044 1463 cramus,
1073 1383 1127 1446 sed
1151 1384 1246 1448 etiam
1270 1384 1308 1447 ad

171 1489 336 1552 ecclesiam
360 1487 563 1552 conuenimus
584 1490 615 1550 et
638 1487 730 1550 simul
755 1486 927 1551 cumomni
950 1487 1063 1570 populu
1086 1506 1189 1570 genua
1211 1487 1309 1552 flecti-

173 1611 254 1672 mus.
302 1597 333 1656 et
361 1591 514 1674 numquid
540 1591 618 1655 haec
644 1591 795 1655 facientes
823 1591 996 1674 praeceptis
1025 1590 1138 1656 Christi
1165 1591 1310 1656 contrarii
1337 1617 1362 1656 ιο

172 1715 293 1776 sumne,
318 1697 371 1778 qui
394 1696 478 1775 dixit,
502 1695 593 1760 utin
616 1694 765 1759 cubiculis
789 1695 894 1758 clause
917 1695 995 1758 ostio
1016 1713 1103 1760 crare
1119 1693 1310 1760 debeamus?

173 1819 236 1864 uon
260 1801 303 1865 ita
326 1805 383 1864 cst.
430 1800 512 1864 unde
536 1799 630 1863 ctiam
653 1800 711 1864 istc
735 1817 846 1862 sensus
870 1799 1019 1882 superiori
1042 1801 1216 1864 sententiae
1238 1818 1312 1864 con-

174 1905 304 1968 ueniens
329 1907 385 1968 est.
432 1904 566 1986 qualiter
589 1921 662 1986 ergo
685 1903 743 1966 hcc
766 1903 906 1986 intellegi
929 1903 1052 1984 debeat,
1076 1904 1242 1988 diligenter
1258 1905 1312 1968 ad-

174 2008 303 2072 tendite.
351 2008 377 2072 si
408 2008 531 2089 quande
562 2025 631 2071 oras
663 2007 757 2071 deum
784 2005 842 2090 <etl
868 2007 926 2071 hcc
956 2006 995 2072 ab
1026 2008 1078 2071 illo
1110 2009 1200 2091 petis,
1231 2009 1312 2090 quod

174 2113 309 2192 uidetur,
332 2111 456 2196 publice
480 2115 511 2176 et
533 2115 639 2194 aperte
662 2112 741 2176 cstic
764 2129 844 2192 cras,
868 2111 940 2192 quia
963 2112 1020 2176 hcc
1043 2130 1062 2175 a
1081 2113 1137 2177 dec
1160 2113 1209 2176 uis
1232 2113 1312 2177 acci·
1341 2139 1365 2178 rs

176 2235 260 2299 pere,
292 2217 374 2298 qued
405 2215 536 2280 uidetur.
591 2215 618 2279 si
642 2233 715 2279 uero
746 2234 801 2297 pre
831 2215 1024 2298 indulgentia
1054 2220 1252 2299 peccaterum
1283 2221 1314 2280 et

175 2339 231 2404 pro
254 2321 322 2385 uita
344 2324 471 2385 aeterna
494 2320 628 2384 uolueris
652 2320 836 2403 supplicare,
861 2320 955 2384 etiam
978 2321 1005 2384 si
1027 2321 1150 2404 publice
1167 2322 1314 2402 muueris,

176 2425 283 2490 clauso
306 2425 385 2490 ostie
408 2443 489 2506 crea,
513 2424 670 2506 quianon
693 2424 751 2488 hoa
774 2425 866 2508 petis,
890 2425 972 2507 quud
994 2426 1127 2506 uidetur,
1155 2427 1210 2490 sed
1232 2426 1314 2508 qucd

178 2548 240 2594 non
275 2529 409 2594 uidetur.
467 2547 546 2610 quac
581 2529 665 2593 enim
698 2529 854 2608 uidentm,
892 2530 1076 2612 temporalia
1110 2533 1197 2609 sunt,
1235 2548 1314 2613 quae

178 2639 285 2700 autern
308 2652 369 2698 non
393 2633 548 2712 uidentur,
572 2637 699 2697 aeterna
714 2637 795 2696 sunt.
815 2634 854 2696 ·si
875 2633 1058 2715 temporalia
1080 2635 1213 2716 quaeris,
1237 2636 1316 2698 sicut
1341 2660 1367 2698 πο

178 2739 241 2802 iam
259 2757 353 2821 supra
377 2737 448 2817 diri,
471 2737 594 2820 publice
611 2741 642 2800 et
664 2741 771 2820 aperte
794 2739 872 2801 ostio
889 2755 968 2818 oras,
991 2737 1018 2801 si
1040 2741 1167 2802 aeterna
1182 2737 1315 2820 quaeris

179 2846 300 2906 secreta
319 2845 367 2906 est
386 2841 484 2906 oratic
506 2844 569 2922 tua,
593 2841 759 2924 quianon,
783 2859 861 2922 quae
885 2841 1038 2922 uidentur,
1061 2840 1128 2924 <sed
1152 2860 1230 2924 quae
1255 2861 1315 2907 non

179 2947 336 3027 uidentur,
363 2949 452 3030 optas
481 2945 629 3028 accipere.
675 2946 729 3027 qui
760 2963 832 3029 ergo
859 2947 923 3026 illa,
955 2964 1034 3028 quae
1063 2964 1123 3012 non
1148 2946 1316 3032 uidentur),

180 3051 211 3116 in
224 3051 355 3116 ueritate
371 3050 549 3132 quaesierit,
567 3053 598 3114 et
613 3049 677 3130 illa,
694 3069 772 3132 quae
788 3050 942 3130 uidentur,
958 3051 1083 3115 damino
1098 3056 1317 3116 remunerante

181 3155 340 3238 percipiet,
373 3155 534 3236 quianon
562 3156 712 3218 mentitur
740 3154 803 3235 ille,
834 3156 886 3236 qui
914 3155 1001 3220 dicit:
1033 3156 1201 3238 quaerite
1232 3173 1317 3239 ergo
1344 3181 1370 3220 rs

181 3260 340 3344 primum
367 3277 521 3342 regnum
549 3259 608 3323 dei
636 3262 672 3322 et
698 3259 886 3323 iustitiam
915 3259 994 3324 eius
1023 3263 1058 3325 ct
1083 3260 1319 3326 haecomnia

181 3362 478 3446 praestabuntur
500 3363 617 3428 uobis.
1337 3439 1339 3446 Ι

225 3467 292 3532 Nec
314 3467 374 3532 hoc
397 3466 539 3548 dicimus
562 3467 685 3548 fratres,
713 3471 749 3532 ut
771 3485 826 3550 pre
850 3467 944 3533 rebus
972 3469 1197 3552 temporalibus
1221 3469 1319 3533 domi-

183 3591 257 3637 num
282 3589 345 3636 non
368 3589 502 3652 cremus,
530 3571 632 3635 idest
658 3590 714 3653 prc
737 3573 871 3637 sanitate
894 3590 1057 3656 corporum
1086 3577 1140 3638 aut
1166 3592 1221 3657 pro
1243 3592 1319 3656 pace

286 3742 315 3812 a]
335 3742 430 3797 natu.
444 3745 469 3804 c,
482 3746 506 3799 s.
559 3743 605 3811 25]
624 3743 720 3797 uersu.
734 3747 759 3811 a,
773 3745 815 3800 aa.

226 3898 366 3968 2iurplcri
386 3901 456 3968 Aap.
519 3899 647 3968 linquid
667 3901 695 3954 D
757 3899 878 3956 thestio
897 3901 926 3955 D
987 3899 1114 3970 8ctiam]
1134 3901 1238 3970 publice
1256 3903 1319 3958 add.

185 3989 256 4056 nup.
322 3987 351 4041 ll
371 3985 459 4038 hostio
479 3987 507 4040 D
571 3989 601 4042 14
621 3989 648 4040 ct
665 3990 746 4057 Aua,
764 4006 814 4044 car.
834 3989 863 4042 D
926 3991 958 4044 15
976 3987 1080 4056 puplice
1100 3989 1128 4042 D
1186 3989 1274 4044 hostio
1293 3991 1323 4045 D

185 4073 258 4142 quia]
278 4075 343 4141 ql)
398 4075 429 4128 lb
447 4073 615 4141 indulgentia
631 4076 660 4128 D
715 4077 744 4131 17
764 4074 869 4144 puplica
886 4077 915 4130 D
970 4077 1001 4130 18
1019 4075 1147 4130 hosticD
1201 4079 1233 4132 19
1251 4077 1322 4130 enim

185 4161 211 4230 illl
229 4162 259 4216 D
280 4161 348 4228 (crat
372 4177 425 4214 nou
447 4163 478 4216 iu
500 4163 566 4229 ras.)
636 4163 776 4230 aequeris
796 4164 824 4217 D
893 4165 925 4220 21
945 4161 1067 4232 pupplice
1086 4163 1116 4218 D
1184 4163 1270 4218 hostio
1294 4165 1324 4220 D

183 4255 245 4318 poet
268 4263 327 4301 oras
349 4265 449 4304 rasura
470 4251 502 4304 in
519 4250 549 4304 D
566 4256 661 4316 cantat,
683 4251 714 4304 ia
736 4267 790 4319 qua
807 4257 864 4305 erat
883 4249 945 4318 quia
963 4249 981 4303 fi
998 4249 1048 4304 hoc
1118 4253 1323 4321 aeternaliter„

187 4339 291 4388 terrena
309 4335 339 4390 D
392 4336 480 4402 queris
493 4337 523 4390 D
574 4337 609 4391 22
626 4336 673 4391 scd
691 4335 921 4404 quac-uidentur
939 4339 1019 4408 Aup„
1037 4355 1088 4394 om.
1103 4339 1139 4405 D,
1157 4339 1322 4394 redieras.

189 4421 240 4475 dria
257 4429 345 4478 mutat
398 4425 431 4478 25
450 4423 578 4492 percipiet
595 4425 676 4494 dap,
692 4423 795 4493 pcipiat
813 4425 842 4478 D
893 4426 928 4480 28
946 4425 1007 4494 hoc]
1026 4425 1064 4478 sic
1082 4426 1145 4480 add.
1159 4427 1231 4496 Aup.

1120 4513 1169 4564 19*
