3268 5142
330 481 393 544 334
737 479 803 534 1111.
822 479 930 534 Sermo
948 482 1059 536 27—28.

328 657 450 739 lampas
472 673 588 738 magns
616 654 761 720 nonsibi
789 655 977 736 accenditur,
1006 656 1061 720 sed
1087 657 1194 721 lumen
1221 675 1314 722 sunm
1342 656 1468 720 eminus

330 761 416 826 etin
440 761 637 824 circumiecta
659 760 812 824 iaculatur
835 761 1010 842 speciosum
1033 760 1167 825 fundens
1190 761 1297 824 lumen
1320 759 1467 824 flammeo

329 864 486 929 doctrinas
501 865 622 948 fulgore
646 868 677 928 et
691 864 846 928 uniuersis
862 865 961 928 adluit
979 866 1137 948 integrum
1160 868 1192 928 et
1210 864 1343 948 singulis
1363 867 1466 928 totum

329 971 507 1053 praestante
531 968 655 1032 domino
672 972 777 1033 nostro
793 968 866 1032 Iesu
882 968 1015 1049 Christo,
1040 969 1093 1050 qui
1109 987 1181 1033 cum
1196 972 1284 1053 patre
1308 972 1339 1032 et
1354 969 1466 1051 spIritu

290 1103 302 1140 s
330 1077 437 1137 sancto
463 1073 543 1137 uiuit
570 1077 601 1137 et
628 1075 739 1156 regnat
767 1073 843 1137 deus
870 1091 926 1155 per
952 1073 1074 1138 infinIta
1104 1074 1229 1138 saccula
1258 1075 1464 1138 sacculorum.

328 1177 440 1242 Amen.

824 1333 968 1397 XXVIII.

329 1477 431 1519 SERMO
454 1478 496 1518 DE
519 1476 738 1524 RRUELA'I'IONE
762 1476 914 1518 CORPORIS
942 1476 1035 1518 aulul
1063 1476 1216 1518 STEPHANI
1239 1477 1405 1520 LEGIINDUS
1431 1478 1463 1518 IN

796 1580 995 1623 iucundiorem.

277 1729 301 1767 lo
371 1699 534 1764 Praesenti
567 1699 699 1763 lectione
727 1698 923 1782 percepimus
958 1699 1110 1763 uisionem
1145 1700 1290 1764 omnibus
1324 1699 1460 1764 ecclesiis

328 1803 527 1884 celebratam,
551 1803 729 1867 audiuImus
752 1821 815 1867 non
838 1803 961 1868 somnia
976 1802 1094 1867 lubrico
1114 1822 1263 1868 sensuum
1287 1823 1390 1868 errore
1412 1805 1461 1867 de-

327 1909 407 1989 lusa,
431 1909 486 1972 scd
502 1909 627 1972 oracula
641 1927 746 1971 rerum
763 1907 925 1972 effectibus
941 1908 1121 1991 approbata.
1156 1910 1265 1972 merito
1280 1907 1461 1972 reuelatioui

328 2013 483 2076 credimus
513 2014 546 2076 in
569 2031 722 2093 sermone,
754 2013 807 2094 qui
830 2012 968 2076 fructum
990 2016 1135 2076 tenemus
1165 2013 1196 2077 in
1225 2032 1364 2077 munere.
1410 2011 1461 2075 ubi

328 2120 411 2196 sunt,
435 2117 487 2198 qui
510 2117 618 2181 dicunt
639 2118 705 2200 pios
721 2116 910 2199 martyribus
933 2117 1065 2181 honores
1089 2135 1150 2181 non
1174 2135 1243 2180 esse
1259 2117 1461 2181 deferendos?

276 2249 301 2288 rs
328 2239 398 2283 ecce
421 2221 490 2300 iste,
522 2221 575 2302 qui
598 2220 661 2284 iam
684 2221 802 2284 dudum
824 2220 917 2284 beato
940 2221 1076 2304 paradisi
1099 2221 1262 2304 splendore
1284 2221 1460 2304 perfruitur,

328 2343 410 2388 nunc
434 2326 550 2388 mundo
573 2325 612 2388 ad
635 2325 693 2388 hoc
715 2325 900 2406 ostenditur,
931 2329 966 2388 ut
988 2326 1117 2389 colatur.
1162 2325 1245 2389 unde
1268 2326 1461 2408 dispensator

327 2428 499 2492 utilitatum
523 2433 701 2493 nostrarum
731 2429 808 2492 deus
838 2429 998 2493 euidenter
1026 2449 1097 2493 eum
1128 2429 1279 2512 praecipit
1307 2429 1460 2506 honorari,

327 2552 421 2614 quem
443 2533 600 2615 praestitit
621 2533 765 2596 inueniri.

369 2637 426 2701 Ait
449 2655 521 2720 ergo
545 2655 647 2700 sermo
670 2637 878 2717 reuelationIs,
906 2637 988 2718 quod
1011 2655 1134 2700 sacrum
1162 2637 1240 2700 illud
1263 2655 1373 2719 corpus
1401 2655 1459 2700 uon

275 2771 300 2808 20
327 2741 405 2821 auis,
441 2759 503 2804 non
537 2741 603 2805 fera
637 2741 809 2804 uiolauerit.
856 2739 910 2803 ubi
945 2745 1029 2821 sunt,
1063 2741 1116 2822 qui
1151 2741 1317 2805 inhonores
1352 2740 1460 2804 uolunt

327 2845 424 2908 uideri
441 2863 543 2909 sacros
560 2847 733 2927 martyrum
749 2846 889 2908 cineres?
913 2863 983 2908 ecce
998 2845 1091 2908 bruta
1105 2844 1269 2909 beluarum
1285 2846 1460 2909 uolucmm·

327 2967 386 3030 quc
410 2953 531 3028 natura,
555 2967 634 3031 quac
651 2967 712 3012 non
728 2949 825 3012 habet
839 2949 1044 3028 intellectum,
1068 2949 1212 3014 sedulum
1233 2953 1339 3013 tamen
1363 2949 1459 3012 amico

326 3053 427 3117 reddit
449 3053 642 3133 obsequium,
666 3053 809 3116 illicitum
826 3053 960 3116 declinat
983 3055 1135 3116 attactum
1157 3053 1314 3136 angelicae
1330 3054 1458 3116 fortasse

327 3155 486 3219 custodiae
510 3161 659 3220 uenerata
682 3160 846 3220 secretum.
894 3175 955 3220 non
979 3157 1083 3240 tetigit
1106 3175 1178 3220 eum
1206 3157 1284 3236 auis,
1312 3175 1374 3220 non
1396 3157 1458 3220 Iera

275 3288 299 3324 s.
327 3261 465 3324 uiolauit.
503 3279 575 3324 cum
598 3261 708 3344 grandi
732 3261 923 3325 crudelitatis
946 3261 1062 3324 inuidia
1085 3262 1166 3324 male
1188 3261 1251 3324 iam
1274 3261 1458 3325 condemnat

326 3365 484 3429 hominem
514 3366 690 3430 reuerentia
719 3365 905 3445 bestiarum,
940 3366 1004 3447 qui,
1039 3369 1155 3447 quanto
1186 3366 1286 3449 magis
1320 3365 1457 3429 obdurati

326 3469 426 3532 cordis
450 3469 594 3551 impietas
618 3489 765 3531 assasse
789 3470 828 3533 ad
851 3487 908 3533 nos
930 3470 1112 3534 immanitas
1134 3469 1272 3533 lanarum
1298 3473 1330 3534 et
1356 3473 1457 3534 nostra

326 3573 469 3636 adferas
493 3575 604 3637 transit
626 3573 817 3638 humanitas.
863 3575 913 3638 hic
936 3592 1009 3657 ergo
1032 3575 1152 3657 prImus
1175 3575 1335 3639 nascentis
1363 3575 1456 3638 eccle·

326 3679 390 3741 siae
418 3681 450 3742 et
479 3677 621 3741 minister
652 3682 683 3741 et
712 3683 831 3761 martyr
861 3697 959 3759 usquo
987 3679 1149 3761 fastigium
1179 3679 1366 3760 culmenque
1396 3697 1456 3742 me-

275 3807 300 3846 sc
325 3783 456 3845 ritorum
479 3782 594 3865 gloriae
618 3783 725 3846 ardore
749 3783 908 3846 subiectus
932 3783 1033 3846 euasit
1055 3787 1087 3846 ct
1109 3783 1205 3846 lenita
1219 3783 1328 3847 altaris
1345 3781 1458 3847 Christi

369 3991 386 4043 2
403 3989 549 4058 spetiosum
567 3990 595 4043 P
645 3991 662 4043 3
680 3987 810 4057 lulgoram
827 3989 855 4044 P
905 3991 1172 4046 Scastotla'csormc
1183 3990 1215 4043 ior
1226 3989 1317 4046 codice
1330 3990 1457 4046 Parisino

326 4077 371 4132 tat.
389 4079 459 4131 3822
480 4094 547 4133 succ.
566 4077 597 4131 Χ
617 4077 665 4145 sol.
682 4079 732 4130 88*
750 4077 813 4144 (P),·
833 4076 956 4131 cosmum
979 4077 1067 4130 editus
1090 4093 1144 4132 csse
1163 4077 1281 4146 uidetur,
1299 4079 1335 4145 cs.
1354 4079 1458 4144 lalrm,

325 4164 370 4219 cci
396 4165 585 4232 irrwipsimus
612 4163 738 4219 'Studien
763 4165 829 4218 siber
855 4164 899 4218 cte
927 4165 1065 4231 Solarium
1091 4163 1137 4218 ces
1159 4161 1289 4218 Fauctrcs'
1312 4181 1342 4234 p.
1359 4169 1393 4217 91
1409 4181 1459 4234 sqq

325 4266 412 4303 sermo
430 4249 511 4303 fausti
529 4250 572 4319 apr
590 4249 622 4303 dc
640 4249 802 4303 reuelationc
820 4249 936 4318 corporis
955 4249 1025 4303 beati
1045 4249 1166 4318 stephani
1184 4248 1312 4318 legendus
1328 4251 1357 4303 in
1368 4251 1458 4304 Iuncu-

325 4337 397 4390 tionc
415 4336 443 4390 P
494 4339 526 4392 15
544 4336 668 4406 paradysi
685 4338 713 4391 P
762 4339 796 4392 25
815 4335 1032 4406 condempnatP
1082 4339 1117 4391 26
1134 4336 1270 4390 hominem
1288 4339 1395 4406 scripsi,
1412 4337 1457 4389 lrc-

325 4424 428 4476 minum
447 4424 475 4477 P
524 4425 557 4478 27
576 4425 690 4478 lacunae
705 4425 814 4494 siponto»
828 4425 912 4493 pocati
