3264 5134
641 527 738 584 Liber
755 528 784 583 11
801 529 878 585 2-3.
1285 525 1328 591 63

185 708 289 768 trema
317 705 416 770 uincit
445 704 588 770 deflentis
619 704 794 769 infirmitas.
848 703 992 768 humiliat
1022 722 1055 768 se
1086 703 1240 788 fragilitas
1270 703 1328 768 hn-

185 825 282 873 mana
316 813 348 872 et
376 809 442 874 uim
478 809 634 891 quandam
665 809 782 892 patitur
812 807 918 872 diuina
951 797 1121 888 sententia,
1156 807 1239 872 sicut
1269 807 1326 872 ait:

184 931 343 998 regnum
380 913 562 978 caelorum
600 913 674 977 uim
711 913 865 996 patitur.
934 911 1120 976 omnimodis
1158 911 1327 977 moriturus

185 1017 311 1098 luisset,
334 1017 394 1082 niei
416 1019 542 1083 territus
565 1018 781 1102 supplicasset.
821 1017 900 1101 elige
923 1019 1030 1080 utrum
1052 1016 1141 1097 uelis,
1166 1018 1220 1080 aut
1238 1033 1327 1100 prae-

185 1121 283 1186 fixam
310 1121 528 1187 necessitatem
556 1121 702 1187 confitere
730 1123 884 1186 mutatam
910 1124 965 1185 aut
988 1120 1154 1186 ueritatem
1177 1119 1327 1185 conuince
1366 1148 1379 1188 a

185 1226 364 1291 mentitam.

727 1381 786 1448 111.

309 1525 383 1574 QUIA
407 1527 504 1569 amun
528 1526 586 1569 EST
608 1525 791 1586 ammones,
816 1526 914 1569 urus>
936 1525 1207 1570 Pmnnasslaesn.

235 1641 406 1727 Apostolus
430 1645 487 1709 ait:
511 1663 605 1727 quos
632 1644 840 1729 praesciuit
862 1647 898 1708 et
919 1643 1222 1728 praedestinauit
1243 1661 1327 1708 con·

186 1747 327 1814 formes
349 1748 435 1813 fieri
461 1749 638 1834 imaginis
664 1749 740 1814 filii
766 1749 833 1814 sui.
879 1748 963 1813 eliud
986 1753 1035 1814 est
1056 1749 1220 1832 praescire,
1244 1748 1327 1814 aliud
1355 1774 1379 1813 ιο

185 1851 431 1936 praedestinare.
480 1853 687 1937 praescientia
716 1853 822 1936 itaque
851 1853 989 1938 gerenda
1017 1853 1207 1937 praenoscit,
1241 1855 1328 1936 post

186 1955 318 2021 modum
336 1956 578 2040 praedestinatio
598 1957 797 2023 retribuenda
817 1956 972 2022 describit.
1009 1957 1063 2022 illa
1081 1957 1243 2041 praecidet
1261 1975 1328 2022 me-

186 2061 264 2141 rita,
298 2060 377 2126 haec
406 2061 606 2144 praeordinat
634 2062 783 2145 praemia.
838 2062 1044 2146 praescientia
1074 2062 1113 2126 ad
1142 2061 1327 2145 potentiam,

185 2164 431 2248 praedestinatio
465 2165 504 2230 ad
537 2165 690 2230 iustitiam
723 2165 867 2250 pertinet.
917 2166 1123 2249 praescientia
1156 2166 1193 2230 de
1227 2165 1327 2230 alieno

185 2267 335 2334 subsistit
357 2272 439 2349 actu,
461 2269 702 2352 praedestinatio
726 2273 832 2336 autem
853 2271 891 2334 de
910 2269 1022 2334 iudicio
1043 2287 1109 2351 suo,
1133 2269 1186 2335 illa
1207 2270 1327 2334 facinus
1355 2297 1379 2338 rs

186 2371 384 2454 manifestat,
414 2373 474 2438 ista
501 2374 702 2455 condemnat,
732 2373 786 2439 illa
807 2375 912 2454 testis,
942 2374 1019 2439 haec
1041 2374 1130 2439 iudex
1153 2376 1210 2438 est.
1255 2393 1327 2438 cnm

187 2477 246 2542 illa
266 2478 535 2560 praenuntiauerit
557 2496 698 2559 causam,
726 2481 802 2544 tnnc
823 2479 1025 2562 praenuntiat
1045 2479 1106 2544 ista
1128 2479 1326 2544 sententiam.

185 2599 207 2644 a
231 2581 435 2664 praescientia
460 2599 539 2665 qnae
567 2587 641 2648 sunt
663 2586 769 2648 nostra
792 2583 978 2666 produntur,
1006 2601 1025 2647 a
1047 2582 1327 2667 praedestinatione

186 2703 270 2768 quae
293 2690 365 2751 eunt
388 2691 621 2771 praeparantur,
668 2705 704 2752 ac
726 2689 770 2752 sic
793 2688 853 2752 nisi
877 2688 1084 2773 praescientia
1111 2689 1327 2771 explorauerit,

186 2789 434 2874 praedestinatio
461 2791 505 2855 nil
534 2791 679 2857 deceruit.
733 2793 814 2857 oculi
842 2796 947 2857 autem
974 2793 1077 2856 uicem
1103 2793 1327 2876 praescientiae
1353 2817 1380 2858 so

185 2895 291 2958 unlus
314 2899 445 2976 exercet,
482 2895 563 2977 quod
586 2915 619 2960 se
644 2897 783 2980 aspectui
805 2896 961 2977 obtulerit,
984 2897 1043 2961 hoc
1066 2895 1195 2962 uidebit.
1236 2915 1329 2962 num·

185 2997 264 3081 qnid
290 2997 401 3063 fecisse
433 2999 583 3080 creditur,
614 3000 696 3082 quod
724 3000 963 3083 deprehendisse
990 3001 1207 3085 cognoscitur?
1256 3019 1328 3066 cum

186 3105 296 3167 antem
319 3103 400 3167 oculi
424 3120 461 3167 ea
486 3103 627 3185 uideant,
655 3123 717 3168 non
744 3121 824 3187 quae
850 3105 909 3187 ipsi
936 3105 1122 3170 intrinsecus
1150 3109 1327 3189 operantur,

186 3206 246 3270 sed
273 3225 353 3288 quae
380 3207 424 3271 eis
453 3207 645 3273 extrinsecus
672 3208 858 3289 offeruntur,
889 3210 915 3273 si
941 3213 1124 3293 peccantem
1151 3209 1328 3294 quempiam

185 3311 271 3375 forte
298 3311 525 3394 conspexerint,
553 3329 614 3377 non
637 3313 746 3397 opinor
768 3313 915 3394 sidentis,
944 3313 998 3378 sed
1021 3313 1246 3378 committentis
1271 3313 1329 3378 fla·
1354 3339 1380 3380 a

185 3414 303 3500 gitium
330 3413 524 3480 iudicabitur.
572 3416 616 3482 ita
642 3435 704 3482 non
728 3417 767 3481 ad
789 3417 1036 3500 praenoscentis,
1063 3417 1118 3483 sed
1141 3417 1180 3482 ad
1202 3433 1328 3502 praeeo-

187 3517 272 3604 gniti
293 3519 465 3602 pertinebit
487 3523 609 3585 reatum
632 3538 723 3586 omne
746 3521 903 3586 delictum.

233 3621 284 3689 Sic
307 3627 339 3688 ct
357 3624 434 3688 deus
455 3641 492 3688 ea
511 3628 583 3689 ante
604 3624 686 3689 diem
705 3625 841 3691 hominis
861 3625 1032 3709 praecidet,
1056 3643 1135 3710 qnae
1158 3643 1220 3692 non
1244 3643 1262 3690 a
1284 3644 1327 3707 se,

186 3727 245 3792 sed
269 3725 308 3792 ab
329 3728 455 3794 homine
475 3729 617 3794 facienda
636 3734 719 3794 sant.
758 3734 791 3795 et
810 3731 890 3795 sicut
909 3731 1042 3796 materia
1064 3731 1199 3796 existens
1222 3729 1327 3812 efficit,

294 3881 323 3952 a]
342 3881 438 3938 man.
453 3885 548 3947 11‚1a.
601 3883 817 3953 cretaeae.

232 3997 353 4095 suenda
372 4039 399 4095 P
449 4037 561 4095 tuellis
580 4040 608 4094 P
658 4039 716 4110 aut]
735 4057 770 4096 an
787 4042 815 4097 P
869 4041 1098 4112 Spmedistinare
1117 4042 1144 4098 P
1170 4065 1176 4078 ·
1198 4045 1284 4112 equo
1303 4043 1331 4098 P

188 4124 395 4196 praedistinauit
412 4126 440 4180 P
492 4127 522 4182 ll
541 4125 734 4195 praedistinare
753 4129 781 4183 P
831 4129 936 4198 itaquae
955 4129 983 4183 P
1034 4130 1066 4185 12
1083 4128 1284 4198 praedistinatio
1303 4129 1362 4184 P.

190 4217 223 4270 14
242 4211 445 4282 praedistinatio
464 4213 492 4267 P
556 4215 588 4269 15
607 4213 810 4284 praedistinatio
829 4215 857 4269 P
920 4215 1015 4270 iuditio
1035 4216 1063 4270 P
1123 4219 1155 4272 17
1173 4215 1328 4286 pronuntia-

189 4299 294 4356 uerita
362 4299 552 4370 pronuntiato
625 4303 656 4357 18
674 4301 909 4371 praedistinatione
928 4303 956 4357 P
1023 4305 1058 4360 20
1079 4302 1281 4374 praedistinatio
1302 4302 1331 4357 P

187 4387 221 4444 21
243 4387 339 4441 exercit
358 4387 386 4442 P
436 4385 549 4457 exercet]
568 4389 595 4441 et
612 4387 705 4444 cdd.c
757 4390 791 4448 22
810 4387 1029 4459 depraehendisse
1042 4391 1070 4445 P
1119 4391 1290 4460 280peratur
1303 4389 1330 4445 P

189 4474 224 4530 25
243 4473 427 4530 conmittcutis
444 4474 473 4529 P
523 4475 557 4532 29
575 4473 744 4534 munuca
