3244 5130
629 474 727 532 Liber
746 476 867 534 114-5.
1261 481 1321 546 145

182 650 343 716 adiunctus
374 654 546 718 secuudum
577 654 802 738 euangelicam,
833 673 912 737 quae
944 656 1086 738 superins
1114 659 1163 720 est
1185 675 1320 721 comme-

182 763 312 838 morata,
336 759 540 823 sententiam:
565 760 624 823 nisi
647 759 717 841 quis
741 764 868 824 renatus
893 761 985 824 fuerit
1009 780 1045 824 ex
1068 777 1149 842 aqua
1164 766 1195 824 et
1211 761 1322 844 spiritu

182 867 302 943 sancto,
338 881 398 927 non
430 867 534 947 potest
563 863 680 928 intrare
710 865 742 928 in
760 859 905 948 'regnum
936 865 992 928 dei.
1043 865 1244 928 manifestum
1275 870 1322 927 est

183 985 264 1046 eum,
296 967 348 1048 qui
372 967 449 1032 haec
476 967 622 1050 loquitur,
651 987 713 1032 uon
737 969 839 1033 solum
862 969 1002 1034 diuinam
1025 969 1057 1033 in
1080 969 1191 1052 spiritu
1214 973 1322 1033 saneto

181 1073 381 1152 potestatem,
402 1071 467 1136 sed
497 1072 599 1154 ipsam
629 1071 780 1156 baptismi
810 1074 929 1138 nescire
952 1073 1115 1138 rationem.
1162 1074 1321 1156 apostolus
1361 1099 1374 1138 a

183 1175 399 1240 autemdicit:
430 1175 462 1240 si
494 1180 616 1240 autem
640 1178 776 1242 mortui
799 1195 925 1242 sumus
950 1195 1030 1242 cum
1054 1175 1217 1257 Christo,
1248 1195 1322 1241 cre-

182 1279 318 1358 dimus,
350 1280 435 1362 quia
458 1280 570 1344 simul
594 1281 707 1345 etiem
739 1282 908 1346 uinemus
936 1301 1017 1346 curn
1041 1281 1201 1346 Christo.
1247 1299 1323 1363 quo-

183 1383 273 1448 modo
304 1389 411 1448 autem
441 1403 609 1466 possumus
640 1404 712 1450 cum
736 1385 859 1452 Christo
890 1388 940 1452 uel
971 1387 1049 1450 mori
1076 1386 1128 1450 uel
1149 1405 1323 1470 resurgere,

183 1487 209 1551 si
231 1488 382 1569 requiras,
412 1490 549 1554 aduerte.
596 1508 714 1571 omnen,
738 1493 926 1574 quicumque
955 1491 1150 1556 sacrofonte
1181 1489 1324 1554 submer-

182 1592 301 1675 gimur,
340 1599 474 1658 mortem
504 1599 535 1658 et
568 1596 762 1677 sepulturam
796 1596 1000 1678 redemptoris
1035 1595 1209 1674 imitamur,
1244 1595 1324 1658 siout
1353 1622 1376 1659 ιο

184 1696 266 1760 idem
290 1698 450 1780 apostolus
478 1699 565 1763 dicit:
601 1717 646 1764 au
676 1700 876 1783 ignoratis,
906 1701 1006 1781 quia,
1037 1700 1257 1782 quicumque
1288 1699 1324 1762 iu

184 1799 334 1865 Christo
368 1800 554 1885 baptizati
587 1822 729 1884 sumus,
764 1805 799 1869 iu
834 1808 951 1869 morte
986 1805 1104 1886 ipsius
1137 1803 1323 1887 baptizati

184 1908 333 1969 sumus?
372 1907 585 1990 consepulti
608 1909 704 1972 euim
728 1927 855 1973 sumus
878 1927 960 1972 cum
983 1907 1130 1973 Christo
1153 1927 1216 1990 per
1239 1908 1324 1990 bap-

183 2009 335 2073 tismum
357 2010 393 2074 in
421 2015 584 2076 mortem.
620 2013 808 2078 sicutenim
831 2013 884 2077 ille
907 2012 1051 2077 triduana
1065 2017 1165 2076 morte
1182 2013 1323 2095 sepulcro

184 2113 327 2178 conditus
356 2115 425 2196 fuit,
455 2118 500 2180 ita
529 2121 561 2182 et
590 2135 646 2182 nos
677 2118 760 2182 intra
789 2135 896 2200 equae,
927 2117 958 2182 id
988 2121 1036 2182 est
1065 2118 1148 2181 intra
1173 2121 1324 2199 cognatae
1351 2141 1377 2182 n

185 2222 344 2282 creaturae
372 2220 460 2284 sinus
482 2221 565 2286 trina
588 2221 803 2286 submersione
827 2221 967 2304 depositi,
998 2223 1074 2286 dnm
1097 2221 1325 2299 descendimus,

185 2323 363 2405 sepelimur,
387 2325 462 2388 dum
481 2326 679 2409 emergimur,
703 2327 900 2391 suscitamur.
935 2345 990 2408 per·
1010 2343 1124 2408 aquam
1147 2326 1253 2407 itaque
1276 2343 1326 2387 ce-

185 2426 324 2492 lebratur
354 2428 486 2493 imitatio
516 2431 706 2512 sepulturae,
737 2450 791 2513 per
821 2431 966 2514 spiritum
997 2435 1141 2494 sanctum
1169 2430 1326 2493 oont'ertur

187 2532 301 2596 uerius
333 2533 416 2597 uitae
448 2539 479 2598 et
509 2553 580 2617 spes
611 2536 721 2600 salutis
753 2540 907 2599 aeternae,
961 2535 1093 2616 denique
1128 2537 1326 2597 remoueatur

187 2637 285 2700 sancti
309 2637 435 2718 spiritus
458 2639 613 2703 inuocatio
637 2643 669 2702 et
692 2639 864 2718 uideamus,
888 2639 915 2702 si
939 2639 1105 2720 quicquam
1128 2656 1226 2718 aquae
1242 2637 1325 2700 illins
1353 2663 1378 2700 ιο

187 2739 253 2804 sola
280 2741 426 2824 prodesse
450 2743 549 2825 possit
579 2744 701 2808 infusio.
748 2747 891 2807 creatura
920 2743 1024 2824 itaque
1055 2746 1112 2822 est,
1136 2760 1215 2823 quae
1238 2760 1326 2822 sepe-

188 2843 281 2908 liendi
304 2845 445 2911 imitatur
468 2847 615 2928 officinm,
639 2847 715 2911 deus
740 2851 797 2927 est,
821 2848 872 2928 qni
895 2845 1091 2915 beneficium¹
1106 2845 1216 2910 tribuit
1237 2863 1327 2908 rena-

189 2949 303 3012 scendi.
338 2967 433 3032 quem
455 2969 529 3036 orgo
552 2952 701 3035 perspicis
724 2951 928 3034 reparationis
944 2955 1115 3034 parentem,
1138 2951 1242 3032 ipsum
1258 2969 1326 3012 esse

189 3069 340 3137 cognosce
372 3059 405 3120 et
434 3056 668 3121 resurrectionis
700 3059 869 3120 auctorem.
919 3056 956 3119 de
987 3073 1047 3136 quo
1077 3055 1265 3118 uaticinatur
1296 3057 1327 3116 et

190 3157 227 3221 ad
249 3163 371 3241 patrem
394 3160 547 3243 propheta
569 3161 613 3224 sic
635 3160 787 3242 loquitur:
812 3160 941 3224 emitte
965 3159 1140 3242 spiritum
1164 3163 1269 3223 tunm
1292 3163 1327 3221 et
1353 3184 1378 3223 25

190 3261 416 3328 creabuntur
450 3269 486 3330 et
518 3264 719 3329 rennuatis
754 3265 889 3328 faciem
924 3269 1056 3328 torrae.
1124 3263 1199 3345 quid
1233 3263 1328 3326 distet

191 3365 269 3432 inter
300 3386 399 3450 aquae
429 3375 462 3434 et
491 3370 619 3452 spiritus
648 3369 748 3434 sancti
778 3369 1012 3450 operationem?
1046 3387 1100 3451 per·
1131 3385 1245 3448 aquam
1275 3366 1328 3428 de-

191 3470 259 3534 duci
289 3473 431 3537 uidemur
462 3475 494 3538 in
524 3474 692 3554 tumulum,
723 3492 778 3556 per·
808 3473 952 3556 spiritum
983 3477 1128 3537 sanctum
1151 3470 1328 3554 praeparari

190 3577 358 3658 probamur
381 3578 420 3642 ad
442 3597 584 3663 regnum.

293 3723 322 3794 6]
342 3723 418 3780 Rom.
431 3727 456 3790 6,
469 3729 492 3782 8.
549 3725 592 3794 11]
612 3725 688 3778 Rom.
702 3726 726 3788 6,
739 3725 763 3778 3.
818 3723 863 3792 25]
882 3723 981 3777 Psalm.
997 3725 1054 3786 103,
1068 3725 1108 3776 30.

235 3859 475 3912 lcommemomta
492 3859 565 3910 estc
635 3855 867 3923 nonodecimo
937 3853 1137 3922 8possimusc
1206 3850 1250 3904 uel
1267 3857 1330 3906 acte

192 3945 258 3998 mori
276 3961 359 4000 cmc
410 3942 719 4011 9summargimurPR
773 3945 805 3997 10
821 3941 1028 3995 immitamurP
1082 3943 1111 3994 11
1132 3939 1170 3991 ait
1187 3957 1204 3992 c
1255 3937 1330 4006 igno-

193 4048 267 4087 raso
337 4031 400 4099 quia
420 4033 452 4086 in
473 4049 558 4101 moro.
577 4031 641 4085 add.
660 4030 695 4097 R,
717 4047 768 4084 om.
789 4029 816 4083 P
887 4031 918 4083 13
936 4027 1055 4094 Christo]
1079 4025 1164 4080 illoc
1226 4028 1267 4128 Ι14
1286 4024 1330 4078 ille

193 4145 301 4200 enimR
354 4143 541 4214 sepulchroR,
554 4142 693 4212 sepulcrho
706 4143 734 4196 P
787 4140 1112 4198 15interva1croloco
1166 4141 1199 4194 16
1211 4153 1293 4191 sunus
1306 4139 1333 4191 P

195 4233 382 4286 summersione
402 4233 428 4286 P
490 4234 520 4287 11
540 4231 700 4299 emergimus
719 4248 735 4284 n
796 4231 830 4284 20
848 4227 957 4297 spiritus
977 4227 1060 4280 sancti
1080 4245 1095 4282 u
1152 4229 1185 4280 22
1204 4225 1332 4278 omitatur

196 4343 228 4412 P,
245 4347 390 4414 praestato
442 4346 476 4400 24
495 4359 635 4412 agnosces
688 4309 807 4396 autorem
822 4343 888 4409 P(c
907 4359 978 4396 marr.
993 4342 1052 4406 ult.)
1104 4342 1138 4394 25
1156 4346 1233 4392 tunm
1252 4355 1332 4394 omo

196 4433 228 4486 26
245 4431 328 4486 distet
345 4451 361 4486 o
421 4433 455 4487 29
473 4431 628 4501 probamur]
649 4430 771 4484 uidemur
790 4432 816 4483 Ρ

245 4527 297 4570 m
312 4527 386 4568 aaut.
1146 4516 1177 4562 10
