3268 5142
288 483 351 548 398
793 485 920 539 Ruricii

289 663 331 738 et,
361 659 393 722 in
425 661 579 740 quantum
603 657 660 722 tibi
686 659 850 740 placueris,
881 660 925 724 illi
956 660 1022 724 sine
1049 659 1141 726 dubio
1164 659 1352 743 displicebis,
1375 661 1430 742 qui

288 763 375 826 dicit:
401 763 576 844 quoniam
600 763 761 846 dissipat
784 782 869 827 ossa
892 763 1082 827 hominum
1098 763 1428 848 sibiplaeentium.

330 867 372 930 m
393 866 462 931 ideo
485 870 647 950 tamquam
670 867 863 932 seuerissimi
886 885 1029 932 censores
1053 869 1160 950 culpas
1184 872 1306 933 nostras
1323 869 1356 934 in
1371 887 1429 933 nos

290 971 350 1054 ipsi
381 971 551 1036 districtius
582 971 791 1051 uindicemus,
825 972 885 1054 ipsi
916 971 1006 1037 nobis
1036 991 1091 1054 per
1121 973 1258 1037 diuersos
1292 973 1430 1057 corporis

250 1101 263 1141 s
289 1075 444 1146 crudatus
461 1075 595 1159 quodam
611 1076 702 1140 modo
719 1079 850 1140 tortores
874 1077 1044 1140 existamus
1069 1079 1100 1139 ot
1122 1077 1248 1158 iudices,
1271 1081 1306 1141 ut
1327 1077 1430 1141 inille

288 1179 389 1244 iustae
413 1181 651 1245 examinationis
675 1184 814 1263 tempore
835 1198 896 1245 non
913 1179 1029 1244 habeat
1043 1182 1075 1244 in
1092 1199 1148 1245 nos
1162 1183 1245 1265 regis
1261 1182 1430 1261 senmntia,

288 1285 370 1366 quod
401 1285 538 1365 damnet,
569 1303 645 1368 quos
675 1285 739 1348 iam
766 1285 817 1348 hic
839 1285 1044 1368 castigatioris
1067 1285 1152 1349 uitas
1175 1285 1338 1370 disciplina
1361 1303 1432 1350 cor-

288 1390 411 1470 rexerit,
443 1390 516 1471 quia
544 1390 644 1452 iustus
673 1392 704 1452 et
733 1389 909 1453 misericors
932 1389 1024 1453 iudex
1046 1388 1095 1452 bis
1118 1407 1181 1453 non
1203 1390 1319 1454 iudicat
1341 1391 1374 1454 in
1397 1389 1431 1452 id

288 1493 403 1576 ipsum,
427 1493 485 1557 hoc
509 1496 557 1556 est
580 1493 607 1555 ei
630 1513 663 1556 se
688 1490 845 1556 exhibebit
867 1493 986 1572 mitem,
1010 1512 1101 1576 quern
1126 1493 1279 1557 inuenerit
1294 1493 1344 1557 hic
1360 1512 1431 1556 esso

237 1623 262 1661 10
287 1615 362 1680 prae
392 1600 590 1680 peccatorum
621 1597 831 1662 satisfactione
855 1597 1023 1677 crudelem,
1054 1598 1099 1661 illi
1121 1597 1303 1682 benignum,
1335 1615 1430 1679 quom

288 1701 321 1766 in
337 1701 395 1766 hac
415 1703 482 1766 uita
503 1701 563 1765 sibi
586 1702 800 1784 recognocerit
822 1701 918 1764 fuisse
943 1701 1129 1781 districtum,
1154 1701 1326 1766 secundum
1349 1701 1428 1764 illud

289 1806 520 1889 euangelicum:
556 1806 617 1887 qui
650 1806 858 1888 perdiderit
891 1806 1051 1869 animam
1084 1809 1338 1887 propter'me,
1376 1805 1432 1869 in-

289 1911 418 1975 ueniet
441 1928 534 1990 eam,
558 1910 608 1973 uel
632 1909 722 1972 illud:
751 1909 867 1990 beati,
891 1911 954 1992 qui
976 1927 1072 1974 nuuc
1095 1909 1251 1993 lugetis,
1275 1909 1359 1992 quia
1382 1909 1431 1972 ri-

291 2014 439 2078 debitis.
487 2014 582 2078 breue
607 2017 655 2076 est
678 2013 763 2076 enim
793 2031 895 2093 omno,
926 2014 1007 2094 quod
1034 2014 1067 2077 in
1094 2015 1153 2076 boc
1176 2014 1291 2077 mundo
1316 2013 1430 2096 agitur,

239 2143 263 2184 n
290 2118 358 2182 siue
382 2117 499 2182 bonum
524 2118 590 2181 siue
613 2117 747 2198 malum,
779 2119 859 2182 siout
882 2118 1112 2201 experimentis,
1143 2121 1179 2180 ut
1206 2116 1350 2182 dominus
1375 2121 1432 2181 aut

290 2222 433 2306 permisit
464 2223 518 2285 aut
547 2222 654 2301 uoluit,
684 2222 748 2284 iam
778 2221 926 2303 probasti.
973 2222 1138 2284 etidcirco
1168 2221 1207 2284 ad
1230 2221 1431 2285 sustinendas

289 2345 344 2409 pro
368 2326 416 2390 dei
440 2344 544 2390 amore
567 2344 728 2407 pressuras
752 2329 927 2390 constantes
952 2344 1020 2390 esso
1044 2325 1204 2405 debemus,
1231 2326 1315 2407 quia,
1339 2325 1366 2388 si
1390 2325 1430 2388 ad

289 2449 456 2514 uesperum
488 2429 697 2494 demorabitur
728 2429 830 2510 fletus,
861 2433 894 2494 et
924 2430 962 2493 ad
993 2431 1181 2494 matutinum
1213 2429 1332 2493 laetitia
1354 2428 1432 2492 sub·

289 2537 445 2617 sequetur.
491 2535 597 2616 itaque
628 2552 710 2598 nunc
740 2551 880 2598 seramus
913 2534 946 2597 in
975 2533 1123 2615 lacrimis,
1154 2533 1236 2614 quod
1265 2537 1340 2597 tuno
1363 2553 1431 2597 me-

237 2665 263 2704 ro
289 2643 393 2704 tamus
416 2640 447 2702 in
471 2638 603 2724 gaudiia.

332 2743 421 2808 Haec
442 2761 542 2825 pauca
562 2743 600 2806 sd
615 2742 851 2806 confortandam
868 2741 963 2806 fidem
979 2746 1118 2806 uestram
1134 2758 1189 2824 pro
1206 2741 1430 2805 exhortationis

290 2849 401 2912 solatio
431 2847 514 2912 dicta
536 2846 702 2926 sufficiant,
726 2865 806 2928 quae
828 2847 902 2910 licet
924 2847 990 2930 ipse
1014 2863 1076 2910 non
1099 2846 1222 2925 faciam,
1254 2849 1370 2926 tamen,
1394 2849 1432 2909 ut

291 2956 322 3016 st
349 2969 404 3016 uos
435 2952 546 3036 agatis,
571 2952 723 3016 exhortor.
768 2951 830 3015 scio
863 2951 946 3014 euim
975 2951 1179 3014 exhortationi
1201 2950 1336 3033 positam
1359 2967 1430 3014 esse

291 3056 477 3137 mercedem,
501 3056 573 3138 quia
594 3055 741 3138 legimus:
773 3055 865 3120 flete
896 3073 976 3118 cum
1005 3053 1205 3134 flentibus,
1234 3058 1265 3118 et
1286 3073 1326 3117 ne
1349 3053 1431 3117 forte

238 3186 264 3226 aa
290 3163 324 3224 tu
348 3161 380 3224 in
403 3160 515 3224 iudicio
539 3160 668 3224 diceres:
699 3159 883 3241 quaesiui,
907 3160 970 3241 qui
994 3159 1105 3222 simul
1129 3175 1268 3222 mecum
1293 3159 1431 3220 contri-

291 3267 470 3345 staretur,
495 3267 531 3328 et
553 3283 623 3328 non
643 3263 717 3327 fuit
740 3267 775 3327 et
798 3264 1037 3354 consolantes
1061 3282 1116 3326 me
1140 3266 1176 3326 et
1198 3281 1268 3326 non
1291 3262 1429 3325 inueni.

291 3369 474 3450 perfectiora
503 3387 577 3432 uero
608 3371 702 3449 atque
733 3367 850 3431 maiora
872 3368 904 3431 in
928 3368 1087 3449 seripturis
1111 3367 1233 3446 diuinis,
1262 3365 1344 3429 unde
1367 3366 1431 3429 ista

393 3547 620 3618 assumens.
659 3547 913 3618 reluctantem.
951 3547 995 3616 13]
1006 3547 1147 3610 masaa
1185 3545 1429 3614 irJPsumaas.

294 3635 338 3704 19]
356 3634 455 3688 esem.
471 3636 527 3698 125,
541 3637 565 3690 5.
619 3633 665 3703 ax]
684 3633 760 3687 acm.
775 3635 815 3698 12,
830 3636 869 3690 15.
923 3633 968 3702 aa]
987 3632 1086 3686 asam.
1101 3635 1143 3697 aa,
1155 3636 1197 3688 21.

335 3791 408 3847 lilli
426 3809 458 3847 cc
475 3789 520 3844 ille
541 3791 576 3846 8¹
630 3792 686 3845 let
698 3796 760 3844 onte
772 3789 825 3859 ipsi
837 3791 930 3845 addo
982 3789 1178 3844 beruciatosS
1229 3785 1432 3856 quodamodos

291 3880 405 3932 tortores
424 3876 653 3946 quodammodoo
706 3880 737 3930 ut
754 3877 937 3946 Iacctjohcna,
955 3876 1025 3931 atS
1086 3875 1220 3944 erogas
1281 3873 1430 3943 iccatiga-

291 3963 406 4020 tiouiso
471 3965 617 4018 correxito
680 3963 856 4019 bexhibete
921 3965 953 4018 10
971 3963 1062 4031 preS
1120 3964 1151 4018 11
1171 3961 1326 4030 cognouerit
1343 3960 1395 4014 sibi
1413 3979 1431 4016 c

293 4053 326 4106 12
344 4051 556 4120 euangeliumS
608 4053 639 4106 15
658 4050 854 4119 eriperimautis
874 4029 910 4106 5¹
963 4051 994 4102 ut
1012 4067 1098 4104 omo
1157 4051 1189 4104 16
1206 4047 1301 4116 pmisit
1320 4049 1349 4116 S,
1366 4063 1430 4117 pro-

291 4161 399 4218 misito
450 4161 592 4231 probario
647 4166 678 4218 17
690 4163 867 4232 praesumas
917 4165 950 4217 18
963 4159 1433 4229 subsequeturKr.,subsequiturS

292 4251 324 4303 19
336 4249 479 4318 metamus]
493 4249 522 4317 S,
535 4252 570 4318 cs.
577 4267 607 4319 p.
618 4253 723 4318 401,ae
768 4251 799 4304 21
812 4249 1017 4304 exortationisS
1061 4247 1272 4304 22sufficiuuto
1319 4249 1353 4302 23
1366 4263 1430 4315 aga-

290 4335 325 4389 tis
343 4335 530 4403 aecgatiss
581 4335 951 4404 exhortoro,e1hortatorS
1001 4337 1035 4390 24
1053 4335 1136 4403 quis
1186 4333 1283 4389 flerao
1334 4337 1369 4389 25
1387 4334 1430 4388 iu·

291 4420 401 4477 ditioS
453 4419 590 4476 diceriaS
