3244 5130
701 473 796 528 Liber
814 474 828 528 I
849 477 887 530 ll.
1306 473 1367 537 123

224 651 436 716 substantiam
452 652 598 733 pertinet,
622 651 703 734 quod
720 651 874 732 subsistit,
899 651 937 715 ad
953 669 1101 735 personas
1121 651 1267 734 pertinet,
1285 651 1366 733 quod

224 757 346 839 proprie
370 755 430 819 sibi
452 773 657 838 unaquaeque
681 755 834 822 subsistit.
870 756 1036 838 discipulos
1060 773 1132 820 suos
1148 756 1266 820 Paulus
1291 755 1367 818 allo-

224 861 331 943 quitur
359 860 479 925 dicens:
515 878 585 924 non
617 860 845 945 subterfugi,
876 861 1072 942 quominus
1104 860 1366 924 adnuntiarem

224 984 332 1030 omne
356 966 555 1030 consilium
577 965 636 1030 dei
652 963 769 1030 uobis.
805 966 997 1030 adtendite
1017 964 1124 1030 uobis
1141 968 1176 1029 et
1191 965 1367 1028 uniuerso

224 1071 347 1156 gregi,
378 1071 415 1134 in
445 1088 514 1153 quo
545 1088 610 1134 uos
641 1071 797 1154 spiritus
831 1075 983 1135 sanctus
1014 1070 1140 1154 posuit
1171 1070 1367 1153 episcopos
1406 1095 1419 1135 s

225 1195 357 1259 regere
388 1175 586 1240 ecclesiam
617 1176 690 1256 dei,
721 1194 829 1257 quam
857 1176 1065 1258 adquisiuit
1088 1175 1270 1259 sanguine
1294 1192 1366 1238 suo.

224 1299 320 1362 quam
344 1280 477 1345 dilucide
500 1281 641 1364 personis
666 1281 729 1344 suis
752 1283 819 1345 tota
841 1280 963 1344 trinitas
979 1281 1169 1362 designatur.
1205 1278 1369 1343 consilium

224 1386 276 1450 dei
299 1385 398 1470 patris
422 1385 597 1466 adnuntiat,
629 1385 789 1468 episcopos
813 1403 832 1449 a
854 1385 964 1468 spiritu
988 1388 1096 1449 sancto
1119 1383 1275 1448 ordinatos
1299 1403 1367 1448 esse

225 1489 400 1570 confirmat,
431 1491 524 1554 deum
555 1491 651 1555 etiam
675 1489 845 1570 Christum,
876 1490 964 1554 cuius
995 1489 1149 1574 sanguine
1176 1489 1307 1553 ecclesia
1330 1489 1370 1552 sil

225 1596 393 1680 adquisita,
417 1596 620 1662 demonstrat.
1396 1619 1421 1659 ιο

269 1702 319 1766 Ad
342 1701 500 1766 Romanos
532 1701 626 1765 etiam
657 1700 779 1764 trinitas
797 1699 861 1765 sub
885 1700 1049 1765 nominum
1071 1699 1260 1783 proprietate
1284 1699 1370 1784 dige-

225 1807 319 1871 ritur:
351 1805 481 1888 quodsi
508 1805 666 1888 spiritus
690 1806 783 1886 eius,
815 1805 874 1887 qui
897 1804 1101 1869 suscitauit
1121 1805 1246 1868 Iesum
1267 1803 1370 1868 Chri-

227 1915 339 1990 stum,
362 1909 511 1974 habitat
531 1910 566 1974 in
583 1910 703 1990 uobis,
727 1911 789 1992 qui
805 1910 1008 1974 suscitarit
1023 1909 1147 1974 Iesum
1163 1927 1182 1973 a
1197 1909 1368 1990 mortuis,

227 2015 445 2081 nidificabit
467 2018 503 2079 et
525 2016 700 2080 mortalia
723 2033 876 2098 corpora
898 2019 1026 2079 uestra
1048 2019 1201 2098 propter
1223 2013 1370 2078 inhabi-

226 2125 368 2185 tantem
392 2120 569 2202 spiritnm
593 2121 672 2186 eius
696 2121 731 2184 in
752 2120 868 2185 uobis.
903 2123 992 2204 pater
1008 2120 1149 2200 suscitat,
1172 2118 1254 2184 filius
1273 2120 1370 2183 susci·
1398 2143 1423 2183 15

227 2229 310 2290 tatur
334 2229 366 2289 et
389 2229 516 2308 propter
537 2224 768 2289 inhabitantem
790 2225 935 2308 spiritum
951 2225 1173 2289 resuscitandis
1189 2225 1369 2288 mortalium

227 2329 408 2413 corporibus
439 2331 504 2394 uita
532 2329 734 2412 promittitur.
782 2332 813 2394 et
842 2329 873 2393 in
901 2330 1118 2412 consequenti:
1150 2347 1215 2393 uos
1247 2332 1370 2407 autern

228 2453 297 2500 non
329 2435 422 2499 estis
454 2434 492 2499 in
522 2451 648 2514 carne,
679 2434 741 2498 sed
765 2435 802 2498 in
826 2433 978 2516 spiritu,
1009 2435 1040 2498 si
1064 2437 1188 2498 tamen
1211 2433 1370 2516 spiritus

228 2539 286 2604 dei
316 2537 464 2604 habitat
494 2539 531 2602 in
558 2539 673 2604 nobis.
721 2539 752 2603 si
776 2539 858 2621 quis
882 2543 1004 2604 antem
1029 2539 1205 2621 spiritum
1229 2537 1371 2603 Christi

229 2661 298 2708 non
329 2643 457 2723 habet,
487 2643 547 2708 hic
576 2661 646 2707 non
679 2647 737 2707 est
767 2644 856 2708 eius.
903 2643 977 2707 dum
1004 2644 1078 2707 dicit
1100 2643 1245 2726 spiritum
1269 2642 1316 2705 dei
1340 2646 1372 2706 et
1398 2665 1423 2706 eo

228 2751 455 2830 consequenter
489 2748 634 2830 spiritum
666 2747 799 2828 Christi,
833 2749 971 2828 aduerte,
1006 2747 1086 2830 quod
1120 2747 1171 2811 hic
1204 2764 1370 2830 personam

230 2851 344 2917 Christi
368 2852 426 2915 sulr
450 2853 500 2916 dei
523 2853 731 2935 appellatione
754 2852 907 2936 designat.
943 2856 998 2916 aut
1019 2853 1044 2916 si
1061 2853 1110 2916 hic
1126 2855 1258 2935 patrem,
1282 2851 1370 2915 cuius

230 2957 354 3039 spiritus
379 2957 429 3036 sit,
460 2955 518 3020 sub
543 2955 591 3020 dei
622 2958 852 3038 nuncupatione
882 2956 1048 3040 significat,
1077 2975 1147 3020 ecce
1170 2956 1222 3020 hio
1245 2957 1371 3040 spiritus

231 3065 357 3126 sanctus
388 3081 444 3143 per
473 3063 627 3126 unitatem
659 3061 854 3126 substantiae
885 3067 916 3126 et
947 3063 1044 3146 patris
1077 3066 1108 3126 et
1134 3061 1189 3126 lilii
1217 3081 1286 3126 esse
1309 3063 1371 3146 spi·

229 3167 307 3230 ritus
338 3166 513 3230 declaratur
545 3169 577 3229 et
605 3166 718 3230 merito
745 3167 910 3248 procedere
935 3187 969 3230 er
994 3171 1124 3248 utroque
1147 3166 1317 3230 dinoscitur
1341 3170 1372 3230 et
1399 3190 1424 3230 a

230 3257 265 3334 in⁴
277 3271 402 3334 uinculo
422 3271 569 3334 trinitatis
590 3271 770 3335 distinctam
795 3290 960 3353 personam
984 3271 1100 3336 habere
1123 3271 1311 3354 perspicitur
1331 3273 1371 3351 et,

231 3375 280 3457 qni
311 3375 455 3458 spiritum
488 3379 631 3439 sanctum
661 3375 850 3456 nonhabet,
882 3395 938 3440 nec
962 3375 1123 3441 Christum
1145 3375 1259 3440 habere
1283 3389 1373 3440 mon=

232 3483 356 3543 stratur.
403 3479 479 3542 deus
502 3480 606 3560 itaque
630 3483 679 3544 est
702 3479 829 3563 spiritns
853 3483 991 3560 sanctus,
1019 3498 1079 3562 quo
1103 3483 1215 3563 negato
1238 3483 1372 3562 negatur

230 3585 260 3646 et
276 3581 417 3647 Christus
442 3587 483 3663 et,
507 3583 581 3665 quia
603 3583 693 3648 dixit:
719 3603 823 3648 nemo
847 3585 954 3648 uenit
977 3584 1019 3648 ad
1042 3588 1188 3666 patrem
1210 3583 1283 3648 nisi
1306 3603 1371 3666 per

230 3707 297 3767 me,
327 3688 381 3769 qui
412 3689 522 3771 spiritu
554 3691 662 3752 sancto
692 3707 811 3752 uaorms
844 3692 902 3768 est,
935 3687 1050 3754 Christi
1084 3706 1143 3752 non
1176 3691 1225 3752 est
1248 3691 1279 3752 et
1301 3707 1371 3771 per·
1398 3713 1424 3754 ao

229 3791 306 3855 didit
329 3792 424 3872 uiam,
449 3811 510 3874 qua
531 3793 713 3875 peruenitur
736 3793 775 3856 ad
798 3797 931 3876 patrem.

332 3947 361 4015 31
382 3947 438 4000 net.
453 3951 494 4012 20,
507 3951 548 4003 27.
592 3948 635 4016 12]
656 3947 824 4013 llorn.8‚ll.
867 3949 911 4018 17]
930 3949 1006 4003 Rom.
1020 3953 1045 4012 8,
1058 3953 1081 4004 9.
1118 3948 1370 4017 au]10ann.14,6.

270 4043 424 4154 2¹loquitor
441 4086 671 4152 V(almun.clt.)
724 4085 960 4154 Ssubtcrtugioo
1014 4087 1206 4142 annuntiemo
1258 4085 1371 4142 duobis

226 4171 360 4226 nodo
412 4173 542 4226 atmndite
562 4175 589 4228 P
640 4178 809 4241 bspsuos
829 4193 843 4226 o
897 4173 1101 4228 ldelucidel'
1150 4174 1328 4230 8anuuntiat
1346 4175 1374 4230 P

228 4261 257 4314 11
279 4257 421 4328 Romanos}
440 4259 586 4313 corinthios
605 4261 632 4315 P
684 4259 863 4328 degeriturV
916 4263 946 4316 12
965 4259 1102 4314 Christum
1122 4279 1172 4316 oon
1194 4262 1221 4316 P
1274 4259 1371 4316 131111-

227 4345 419 4400 bibet-lesum
438 4347 532 4402 onnV
585 4349 615 4402 14
635 4345 826 4402 uiuificauitV
879 4350 910 4402 17
928 4347 1171 4415 inconsequenteo
1225 4349 1255 4404 21
1271 4347 1333 4414 quia
1347 4347 1374 4402 P

226 4433 261 4488 26
278 4431 374 4486 habere
392 4449 567 4502 personamn
620 4433 665 4502 29]
685 4437 712 4487 et
729 4451 815 4490 omo
869 4433 913 4504 qui
933 4435 961 4488 P
1014 4435 1048 4488 30
1066 4433 1155 4505 perdit
1174 4434 1201 4488 P
