3222 5144
313 495 376 560 288
753 496 817 550 ΙΠΙ.
838 495 948 551 Sermo
969 499 1001 554 16

311 672 429 750 sistere,
457 689 519 734 non
543 691 614 734 eum
641 673 747 755 pigeat
773 673 804 736 in
828 674 971 738 conuiuio
1000 691 1056 737 suo
1079 675 1195 756 aliquid
1223 674 1261 738 dc
1291 676 1452 758 scripturis

310 775 423 838 diuinis
450 775 564 858 legere,
591 779 640 856 ut,
672 777 826 858 quomodo
854 795 924 841 caro
952 778 1092 860 pascitur
1119 777 1199 858 cibo,
1227 779 1271 842 sic
1298 778 1453 842 reficiatur

310 880 416 944 anima
438 880 487 943 dei
509 879 616 961 uerbo,
639 883 675 944 ut
698 885 781 946 totus
804 882 908 962 homo,
932 882 962 945 id
986 886 1035 946 est
1058 882 1191 948 exterior
1214 885 1244 945 et
1266 882 1394 946 interior
1415 883 1452 947 de

310 988 418 1048 sancto
442 988 472 1048 et
495 985 625 1048 salutari
649 987 791 1050 conuiuio
815 987 945 1051 satiatus
970 990 1124 1070 exsurgat.
1154 1005 1227 1050 nam
1251 987 1277 1050 si
1301 988 1368 1051 sola
1383 1005 1452 1050 caro

272 1114 284 1152 s
310 1091 447 1171 pascitur
470 1093 501 1152 et
528 1090 633 1153 anima
655 1091 703 1154 dei
731 1090 827 1154 uerbo
851 1109 912 1156 non
940 1091 1105 1172 reficiatur,
1133 1091 1245 1156 ancilla
1267 1091 1400 1155 satiatur
1422 1095 1452 1155 et

311 1195 436 1257 domina
462 1194 545 1258 fame
573 1198 743 1276 torquetur.
791 1199 822 1258 et
850 1195 908 1258 hoc
932 1215 1024 1276 quam
1055 1197 1096 1260 sit
1119 1197 1279 1276 iniustum,
1303 1197 1451 1260 sanctitas

309 1296 441 1382 (uestra)
463 1315 525 1362 non
548 1302 652 1380 potest
673 1299 826 1382 ignorare,
856 1303 885 1363 et
908 1299 986 1380 ideo,
1015 1300 1095 1364 sicut
1120 1301 1184 1364 iam
1207 1300 1276 1381 dixi,
1304 1301 1451 1364 lectiones

312 1391 434 1464 diuinas
462 1402 514 1464 illo
538 1401 687 1466 desiderio
716 1407 747 1467 et
774 1405 879 1468 audire
907 1413 937 1467 et
964 1405 1067 1487 legere
1092 1403 1221 1483 debetis,
1250 1407 1286 1468 ut
1313 1405 1351 1467 de
1379 1405 1451 1486 ipsis

309 1506 341 1570 in
365 1505 507 1570 domibus
531 1508 643 1570 uestris
667 1511 698 1570 et
720 1506 804 1586 alibi,
828 1507 1018 1590 ubicumque
1041 1509 1171 1588 fueritis,
1195 1508 1291 1571 etiam
1314 1509 1399 1590 loqui
1422 1513 1451 1572 et

260 1635 284 1674 n
310 1611 388 1674 alios
412 1611 520 1674 docere
544 1611 668 1693 possitis
686 1615 717 1676 et
739 1611 870 1675 uerbum
887 1613 935 1676 dei
959 1613 1046 1676 uelut
1068 1612 1185 1676 munda
1207 1612 1356 1676 animalia
1371 1614 1451 1696 cogi·

311 1716 427 1779 tatione
459 1715 587 1779 adsidua
615 1717 808 1780 ruminantes
839 1717 948 1780 utilem
980 1736 1103 1796 sucum,
1138 1716 1167 1780 id
1199 1720 1247 1780 est
1279 1717 1450 1800 spiritalem

312 1839 439 1883 sensum
464 1823 495 1883 et
522 1821 553 1882 in
581 1819 670 1882 uobis
695 1839 818 1884 sumere
842 1825 871 1884 et
900 1822 967 1884 aliis
990 1819 1074 1904 (deo)
1098 1821 1265 1884 adiuuante
1289 1822 1451 1904 propinare

310 1924 437 2006 possitis
469 1923 625 2006 inplentes
656 1924 744 2004 illud,
775 1925 856 2006 quod
888 1927 1037 2008 seriptum
1069 1929 1134 1988 cst:
1177 1929 1212 1988 et
1242 1925 1338 1988 calix
1369 1929 1451 1989 tuus

311 2028 507 2092 inebrians
525 2047 631 2110 quam
648 2030 866 2112 praeclarus
883 2034 953 2109 est,
969 2030 1124 2112 inplentes
1140 2029 1227 2108 illud,
1244 2029 1327 2111 quod
1343 2029 1450 2092 beatus

259 2157 284 2198 rs
312 2133 470 2214 apostolus
495 2133 637 2196 hortatur
653 2136 683 2196 et
706 2133 853 2198 admonet
869 2134 987 2197 dicens:
1013 2134 1091 2198 siue
1116 2132 1350 2197 manducetis
1375 2133 1451 2197 sinc

310 2236 1451 2320 bibatissiucaliqnidlaniatis,omniaadgloriamdeifaoite.

311 2345 343 2405 et
359 2341 385 2404 si
402 2341 568 2405 infirmitas
582 2360 643 2406 non
659 2341 813 2424 prohibet,
830 2343 954 2406 cottidie
971 2343 1105 2406 ieiunate
1118 2346 1149 2404 et
1164 2341 1203 2404 ad
1219 2341 1343 2424 uigilias
1360 2341 1452 2405 alacri

311 2451 342 2510 et
369 2446 503 2510 feruenti
527 2446 691 2510 deuotione
719 2447 896 2529 consurgite
924 2451 1049 2529 propter
1078 2446 1164 2525 illud,
1193 2445 1275 2527 quod
1303 2445 1451 2527 scriptum

311 2555 376 2616 est:
403 2551 460 2616 die
484 2555 670 2633 noctuque
694 2551 830 2634 uigilet
854 2551 1010 2634 spiritus
1032 2568 1133 2614 meus
1155 2549 1197 2612 ad
1218 2553 1268 2630 te,
1293 2549 1398 2630 deuo,
1423 2553 1452 2614 ct

259 2680 284 2720 ao
311 2656 443 2720 iterum:
475 2657 517 2720 ad
541 2659 575 2720 te
599 2655 724 2734 orato,
749 2655 909 2736 domine,
934 2674 1038 2719 nrane
1063 2658 1098 2718 et
1122 2653 1297 2718 exaudies
1322 2672 1452 2718 uocem

311 2778 443 2840 uncam,
461 2761 635 2824 etiterum:
653 2759 898 2823 modianoote
915 2759 1113 2843 surgebam
1131 2759 1173 2822 ad
1194 2757 1450 2822 confitendum

311 2864 550 2944 nominituo,
574 2864 729 2927 domino.
776 2863 931 2946 adquam
956 2883 1022 2927 rom
1047 2864 1142 2926 etiam
1165 2863 1310 2927 dominns
1335 2867 1367 2926 et
1390 2864 1451 2927 sal·

311 2973 400 3034 nator
416 2974 522 3033 noster·
538 2969 568 3032 in
585 2969 746 3052 euangelio
769 2969 912 3031 hortatur·
929 2972 960 3030 et
983 2969 1129 3032 admonet·
1145 2968 1263 3032 dicens:
1292 2967 1450 3050 uigilate

312 3079 348 3138 et
379 3077 497 3153 orate,
528 3092 570 3136 ne
601 3073 752 3136 intretis
781 3073 817 3136 in
846 3073 1146 3154 temptationem,
1170 3072 1248 3154 quod
1273 3073 1340 3154 ipse
1363 3090 1451 3155 prae-

258 3199 284 3240 11
311 3183 394 3242 stare
417 3178 573 3261 dignetur,
598 3178 647 3240 cui
663 3182 710 3241 est
733 3178 878 3242 honoret
900 3177 1065 3260 imperium
1089 3195 1159 3239 cum
1182 3181 1270 3258 patre
1287 3180 1319 3239 ot
1340 3176 1450 3259 spiritu

311 3286 418 3346 sancto
440 3282 472 3346 in
496 3281 620 3346 saecula
642 3282 845 3346 saeculorum.
871 3281 984 3345 Amen.

416 3499 459 3568 13]
479 3498 577 3553 nsum.
591 3501 632 3563 aa.
646 3503 670 3556 5.
743 3498 786 3567 15]
809 3497 1011 3562 ldor.10‚31.
1080 3496 1123 3566 ro]
1144 3496 1335 3562 esemona.
1405 3495 1448 3564 ao]

311 3586 409 3642 esaim,
423 3593 447 3651 s,
461 3590 485 3643 1.
538 3587 584 3656 ar]
603 3586 702 3640 Psarm.
718 3588 774 3649 rra,
789 3588 829 3640 oe.
884 3584 929 3652 aa]
949 3583 1044 3637 nanu
1058 3585 1100 3648 ao,
1113 3586 1154 3638 n.

355 3787 584 3858 2relcgororlup.
633 3786 818 3854 refiljciaturD
865 3785 1059 3854 3ntlotAnp.
1114 3784 1248 3840 otom.D
1300 3786 1327 3838 ct
1339 3783 1449 3838 exterior

311 3903 338 3954 et
356 3901 466 3954 interior
485 3904 555 3970 nup.
621 3866 728 3954 crtlrior
746 3901 775 3954 D
838 3897 991 3952 traiicitur
1005 3941 1010 3950 .
1026 3941 1030 3950 .
1045 3939 1050 3951 .
1064 3897 1183 3966 poscitur
1200 3898 1272 3967 Any.
1327 3899 1448 3951 luestra

312 4015 391 4082 dap,
409 4033 459 4070 cnr.
475 4015 503 4068 D
567 4013 683 4082 ignorari
703 4015 732 4068 D
798 4015 829 4067 10
848 3978 940 4080 politis
960 4012 989 4065 D
1053 4013 1080 4064 ct
1098 4008 1210 4063 uerbum
1228 4011 1310 4079 Aen,
1328 4013 1359 4062 ut
1376 4027 1401 4063 u.
1421 4011 1448 4065 D

314 4103 342 4155 11
363 4100 506 4154 adsiduorri
525 4101 656 4154 minantes
675 4101 704 4153 D
774 4101 853 4151 socon
873 4099 902 4152 D
974 4099 1005 4151 12
1024 4097 1053 4150 in
1071 4099 1208 4166 om.Aap.
1279 4095 1328 4150 dco
1351 4115 1402 4153 om.
1420 4097 1448 4151 D

311 4187 359 4240 deo
378 4186 521 4240 auxiliante
540 4189 609 4256 Anp.
666 4189 698 4242 13
716 4185 859 4254 inplentes]
880 4187 910 4238 ut
928 4185 955 4236 in
975 4183 1049 4237 nobis
1068 4182 1211 4252 impleatur
1230 4184 1299 4252 Aup.
1354 4184 1407 4238 tuis
1421 4184 1448 4238 D

314 4277 344 4329 11
362 4273 455 4344 polani
473 4275 501 4327 D
557 4277 587 4328 15
606 4277 710 4327 ortatur
727 4272 756 4326 D
811 4275 842 4326 16
861 4269 958 4324 bibatis
976 4273 1083 4340 scripsi,
1103 4269 1241 4325 bibetisD
1293 4269 1366 4324 aliud
1386 4269 1446 4339 quid

311 4363 382 4431 dap.
456 4363 485 4415 l‘l
510 4363 536 4413 ct
560 4380 611 4418 cnr.
635 4363 706 4430 Aup.
778 4357 892 4412 cotdidic
919 4358 949 4412 D
1018 4362 1132 4428 etpost
1158 4357 1274 4411 iciunatc
1301 4360 1446 4428 omAup.

314 4451 345 4506 18
363 4447 424 4501 illut
443 4449 472 4502 D
526 4451 558 4502 19
577 4447 609 4500 de
629 4449 707 4500 noctu
727 4447 798 4516 Aup.
853 4448 911 4497 ste
931 4443 995 4497 deus
1015 4445 1043 4498 D
1097 4446 1131 4500 23
1150 4447 1253 4498 ortatur
1271 4445 1301 4499 D
