3222 5144
293 417 356 482 248
741 417 807 472 IIII.
827 417 935 472 Sermo
954 423 977 474 7.

293 596 454 658 domiuum
485 612 547 659 non
577 599 643 658 tam
673 595 793 659 leuauit
823 594 907 658 unda
936 613 1030 676 quam
1061 597 1125 660 lota
1156 599 1213 660 est.
1259 595 1316 658 tibi
1349 595 1433 658 euim

294 699 438 764 Christus
454 700 610 764 nascendo
627 699 764 778 aduenit,
789 699 845 762 tibi
860 699 994 764 uiuendo
1018 700 1175 780 militauit,
1200 699 1256 764 tibi
1271 699 1435 764 moriendo

293 803 438 868 conflixit.
478 822 571 886 quern
592 804 679 867 uides
702 822 758 885 pro
781 808 812 867 te
836 808 1005 884 mortuum,
1028 823 1084 886 pro
1107 809 1138 868 te
1161 805 1308 888 intellege
1331 803 1436 886 bapti-

293 913 407 972 natum,
457 909 562 990 itaque
586 906 728 972 Christus
752 908 896 972 domiuus
920 909 1020 990 qualis
1047 913 1119 990 post
1145 907 1338 990 baptismum
1361 907 1435 972 telis

254 1039 266 1078 ⁵
293 1013 420 1076 omnino
437 1013 531 1076 etiam
548 1016 620 1077 ante
643 1011 837 1095 baptismum
860 1013 928 1076 fuit.
961 1019 993 1076 et
1015 1012 1082 1077 ideo
1105 1030 1287 1096 praecursor
1302 1013 1370 1076 eius
1386 1016 1435 1076 at·

291 1136 351 1199 que
375 1116 513 1200 baptista
535 1117 589 1196 ita,
613 1116 740 1180 eumad
764 1135 836 1180 eum
861 1117 1066 1199 baptizandus
1091 1117 1222 1197 ueniret,
1246 1117 1432 1199 alloquitur:

292 1239 373 1305 ego,
397 1221 560 1302 domine,
588 1239 606 1284 a
629 1225 663 1285 te
686 1221 872 1303 baptizari
895 1221 1009 1286 debeo
1033 1225 1069 1285 et
1095 1225 1135 1286 tu
1158 1222 1264 1286 uenis
1288 1222 1332 1285 ad
1355 1223 1435 1285 me?

293 1325 366 1409 quid
397 1325 573 1390 euidentius
603 1326 641 1390 de
672 1325 788 1390 Christi
819 1326 958 1390 noudum
992 1326 1141 1408 baptizati
1172 1326 1322 1409 puritate,
1357 1325 1436 1407 quid

291 1431 422 1496 lortius?
460 1448 518 1513 ego
541 1447 560 1494 a
583 1435 613 1494 te
636 1430 733 1496 debeo
762 1430 923 1514 baptizari,
954 1430 1067 1510 idest,
1097 1431 1150 1512 qui
1180 1431 1249 1494 fons
1280 1449 1313 1494 es
1344 1431 1437 1494 inno-

240 1560 265 1598 10
291 1535 411 1600 cantiae
435 1538 467 1598 et
488 1534 649 1616 plenitudo
672 1533 817 1614 iustitiae,
841 1535 893 1616 qui
916 1534 1002 1598 nullo
1025 1534 1168 1617 indigens
1185 1534 1259 1597 darc
1282 1534 1354 1612 scis,
1379 1553 1437 1598 ne-

292 1640 352 1702 scis
383 1639 531 1721 accipere,
564 1657 631 1722 ego,
661 1637 773 1720 inquit,
804 1657 823 1702 a
853 1643 883 1702 te
914 1638 1011 1702 debeo
1034 1638 1194 1720 baptizari,
1226 1637 1299 1720 quia
1328 1642 1436 1702 tecum

292 1742 419 1807 exhibes
455 1747 486 1806 et
518 1742 551 1806 in
585 1746 616 1806 te
649 1741 790 1824 possides
823 1743 969 1825 puritatis
1003 1760 1134 1806 munera
1167 1746 1199 1806 et
1231 1741 1436 1825 baptismatis

294 1850 490 1912 sacramenta
513 1851 553 1927 et,
577 1847 660 1929 quod
684 1864 740 1930 ego
756 1846 836 1910 dabo
859 1851 889 1910 te
913 1847 1064 1930 largiente
1087 1847 1304 1930 pergratiam,
1328 1850 1362 1910 tu
1378 1845 1436 1912 ob-

293 1952 375 2016 tines
401 1971 457 2035 per
480 1955 634 2016 naturam.
682 1955 840 2016 creaturae
866 1951 987 2015 interea
1013 1951 1050 2016 lit
1071 1951 1239 2034 proiectus.
1285 1952 1435 2015 creatoris

243 2079 267 2118 1⁵
296 2057 421 2120 adtactu
453 2055 595 2120 membra
621 2055 785 2139 tinguntur
817 2059 848 2118 et
877 2054 995 2120 fluenta
1025 2055 1170 2119 ditentur.
1209 2055 1298 2119 uitali
1329 2055 1437 2138 gratia

293 2179 355 2224 uon
379 2177 490 2244 corpus
514 2179 549 2223 ex
572 2159 711 2240 flumine,
740 2159 794 2223 sed
824 2159 942 2224 flumen
965 2164 1106 2224 mutatur
1136 2179 1172 2223 er
1202 2177 1339 2244 corpore.
1381 2161 1436 2224 de-

294 2265 443 2328 scendere
474 2263 506 2328 in
539 2283 572 2327 se
607 2264 725 2328 fontem
761 2282 852 2327 snum
887 2265 959 2328 felix
994 2264 1078 2328 unda
1112 2264 1241 2328 miratur
1276 2264 1335 2330 sub
1372 2283 1436 2330 uno

294 2373 454 2433 momento
478 2371 605 2432 aeterna
632 2367 771 2432 remedia
793 2367 969 2450 concipiens
998 2372 1030 2432 et
1053 2367 1230 2432 nouandum
1257 2369 1436 2452 generatio·

294 2493 365 2537 nem
389 2473 579 2537 fecunditate
606 2472 793 2556 parturiens,
824 2472 906 2554 quod
937 2477 1108 2554 acceperat,
1138 2473 1196 2536 hou
1226 2471 1362 2537 reddens
1394 2477 1434 2554 et,

241 2603 267 2645 ro
294 2577 376 2660 quod
399 2596 461 2642 non
484 2575 631 2656 habebat,
656 2575 817 2659 accipiens.

337 2682 424 2745 Inter
454 2681 531 2746 haec
563 2681 678 2745 mirum
710 2685 807 2760 esset,
844 2681 925 2762 quod
954 2700 986 2744 se
1014 2681 1157 2746 dominns
1185 2681 1268 2744 serui
1297 2680 1437 2745 subdidit

296 2786 511 2866 benedictioni,
540 2785 599 2850 uisi
627 2786 709 2849 eruci
731 2783 794 2869 <se>
816 2785 1006 2849 subdidisset
1032 2789 1064 2848 et
1090 2786 1190 2850 morti.
1237 2789 1269 2849 et
1291 2785 1343 2850 ille
1368 2787 1437 2868 qui-

295 2889 367 2954 dem
392 2891 564 2971 pretiosum
592 2888 651 2953 sibi
674 2889 835 2953 hominem
859 2907 927 2952 esse
954 2889 1044 2972 pretii
1072 2889 1168 2971 ipsius
1191 2889 1342 2972 dignitate
1365 2909 1437 2972 per·

295 2993 406 3057 docuit.
453 2993 507 3057 sed
530 2994 605 3057 hinc
627 3011 749 3075 quoque
772 2993 992 3076 intellegimus,
1021 3011 1116 3075 qnam
1138 2993 1271 3077 grandes
1295 2993 1380 3076 apud
1403 3014 1437 3058 sc

244 3125 269 3164 rs
298 3097 443 3161 aestimet
466 3097 611 3162 dominus
635 3101 741 3162 noster
763 3097 970 3162 humanorum
988 3098 1152 3162 criminum
1167 3115 1288 3178 causae,
1310 3101 1438 3180 propter

399 3295 428 3364 7]
448 3295 544 3350 Matth.
559 3297 583 3360 3,
598 3297 637 3352 14.

342 3469 501 3527 3c0nflexit
519 3471 548 3524 D
618 3470 757 3523 mortud'rri
775 3470 805 3523 D
868 3485 915 3538 pro
934 3474 960 3522 te
979 3471 1137 3538 eapropter
1155 3469 1185 3524 D
1253 3467 1395 3524 babtizatri
1411 3472 1441 3526 D

296 3557 517 3626 litaque—post
534 3556 699 3624 baptismum
717 3575 768 3612 om.
782 3558 859 3612 Max.
873 3557 944 3626 Aap.
1015 3553 1179 3609 babtismum
1202 3557 1231 3610 D
1247 3562 1362 3626 utroque
1381 3560 1439 3616 loeo

298 3648 491 3714 5praecursor
513 3644 569 3697 eins
587 3645 665 3698 Mau.
684 3645 766 3714 Aap,
787 3645 941 3713 peursorem
964 3642 993 3697 D
1050 3641 1201 3698 dbabtista
1219 3644 1248 3697 D
1305 3643 1356 3712 ita]
1377 3661 1440 3698 eum

297 3732 360 3786 add.
380 3733 456 3786 Mac.
477 3732 548 3801 dap.
602 3729 777 3785 babtiuaudds
795 3731 825 3785 D
841 3729 872 3797 Γ
891 3731 1008 3798 numm)
1070 3729 1232 3784 lbabtiuari
1251 3731 1281 3784 D
1337 3731 1440 3786 8beb-

297 3817 371 3871 tiuati
390 3819 419 3872 D
488 3816 655 3873 9babtiuari
678 3819 708 3872 D
777 3817 805 3870 id
822 3821 864 3871 est
880 3835 1015 3887 suprascr.
1029 3819 1058 3871 D
1075 3835 1161 3886 supra
1178 3833 1312 3885 rusorum,
1334 3818 1368 3872 in
1387 3835 1441 3889 quta

297 3911 355 3959 erat
373 3905 488 3973 puritate
546 3909 576 3960 11
596 3904 690 3973 inquid
707 3904 737 3959 D
797 3903 924 3957 babtizati
943 3905 972 3958 D
1031 3905 1063 3958 12
1081 3902 1167 3956 exibas
1186 3905 1215 3958 D
1271 3903 1395 3972 possedis
1413 3905 1441 3960 D

297 3990 466 4045 babtismatis
485 3993 514 4046 D
579 3993 611 4047 13
628 3991 748 4060 tergente
767 3992 796 4045 D
862 3993 893 4044 15
912 3990 1035 4044 adtactus
1054 3991 1083 4044 D
1146 3989 1370 4058 uitali-corpore
1390 4010 1440 4048 om.

299 4079 376 4132 Mau.
439 4076 547 4132 uitalem
575 4079 691 4146 gratiam
713 4080 784 4148 Aug.
848 4081 879 4132 16
898 4079 1038 4130 mutuatur
1056 4077 1128 4146 Aup.
1187 4079 1219 4130 17
1238 4075 1394 4131 discendere
1413 4079 1441 4133 D

299 4157 368 4256 beD
421 4192 453 4245 18
471 4193 562 4244 eterna
579 4191 608 4246 D
661 4206 730 4244 noua
752 4189 832 4244 deum
855 4188 1061 4257 regenerationis
1083 4187 1246 4242 fecunditate
1270 4189 1347 4244 Mure.
1366 4192 1439 4261 Aap.

302 4275 534 4344 1aaooiperat1)
595 4279 629 4333 20
647 4277 786 4346 accipietne
804 4277 834 4330 D
897 4279 930 4331 22
949 4275 1133 4332 benedictione
1151 4277 1180 4331 D
1233 4291 1310 4330 cruce
1328 4275 1358 4330 D
1414 4292 1440 4331 sc

301 4365 394 4425 01111)
446 4363 572 4421 subdedis
591 4363 636 4418 sed
655 4365 684 4422 D
736 4366 770 4422 25
789 4363 909 4418 cremimi
925 4365 955 4422 D
1202 4399 1203 4404 κ
1301 4401 1303 4405 -
1361 4401 1364 4404 -
