3222 5144
658 497 723 554 IIII.
743 499 852 554 Sermo
871 501 894 555 3.
1279 496 1343 564 235

205 675 334 742 bonnm.
372 677 479 741 audiat
497 694 636 758 nonme,
660 675 714 740 sed
737 676 840 758 ipsum
856 661 1017 740 dominum
1033 694 1139 741 sunm:
1164 677 1195 740 si
1217 675 1342 756 offers,

204 781 316 863 inquit,
340 799 472 845 monus
495 784 599 845 tuum
622 781 666 845 ad
689 781 811 845 altare
835 783 871 845 et
896 779 948 845 ibi
971 780 1190 845 reeordatus
1214 781 1342 862 fueris,

206 885 293 967 qnia
316 885 434 950 irater
461 889 549 950 tuns
576 884 689 950 habet
711 885 853 966 aliquid
875 885 1073 950 aduersum
1096 889 1145 966 te,
1172 886 1343 967 relinque

204 987 257 1054 ibi
280 1008 412 1054 munus
435 994 538 1054 tunm
558 993 643 1054 ante
663 990 782 1054 altare
806 993 842 1054 et
863 990 955 1054 uado
978 990 1082 1072 prius
1104 991 1344 1054 reconsiliari

205 1094 316 1160 fratri
338 1097 400 1159 tuo
424 1099 460 1160 et
482 1099 571 1160 tuno
593 1094 749 1159 ueniens
773 1093 910 1159 offeres
934 1113 1067 1159 munus
1091 1097 1203 1159 tuum.
1235 1098 1268 1158 at
1287 1113 1343 1159 nos
1371 1121 1383 1161 e

204 1216 326 1282 pugnas
348 1198 501 1264 habentes
517 1199 706 1264 intrinsecus
730 1202 761 1263 et
783 1198 869 1264 dolos
892 1199 925 1262 in
947 1199 1039 1264 eorde
1062 1203 1233 1279 uersantes,
1257 1200 1345 1281 quasi

205 1303 259 1386 qui
281 1303 397 1368 bonam
419 1303 643 1368 conscientiam
665 1303 848 1384 habeamus,
875 1303 1105 1385 praesumimus
1133 1303 1278 1368 accedere
1306 1304 1345 1367 ad

205 1409 304 1472 altare
327 1425 390 1473 non
413 1409 560 1473 timentes
584 1407 671 1488 illud,
695 1407 776 1490 quod
798 1407 949 1490 seriptum
972 1410 1033 1472 est:
1061 1408 1123 1489 qui
1146 1407 1346 1472 manducat

205 1530 338 1595 oorpns
361 1513 499 1578 domini
525 1517 562 1577 et
587 1512 685 1577 bibit
712 1513 934 1597 sanguinem
958 1512 1036 1576 eins
1063 1512 1231 1596 indigne,
1254 1513 1345 1576 iudi-

205 1617 302 1681 oium
325 1617 397 1682 sibi
420 1617 620 1700 manducat
641 1621 677 1681 et
699 1616 804 1681 bibit.
1374 1643 1398 1682 ιο

250 1720 308 1787 Sed
331 1721 405 1786 dioit
420 1721 546 1804 aliquis:
569 1721 696 1806 granffis
719 1725 769 1786 est
790 1718 878 1786 labor
900 1721 1061 1786 inimionm
1085 1720 1213 1804 diligere
1236 1725 1268 1786 et
1289 1740 1345 1805 pro

203 1824 457 1910 persecutoribus
480 1825 664 1908 subplieare.
697 1844 754 1890 neo
777 1843 833 1890 nos
850 1844 1012 1910 negamus
1035 1826 1157 1890 iratres.
1190 1845 1251 1890 non
1275 1845 1345 1909 par-

204 1949 265 1996 uus
281 1930 405 2013 qnidam
428 1930 517 1995 labor
540 1931 635 1994 estin
658 1931 717 1996 hoo
732 1931 866 2011 saeculo,
890 1931 944 1994 sed
967 1931 1085 2014 grande
1101 1933 1150 1995 est
1171 1931 1346 2014 praemium

204 2035 238 2100 in
266 2035 381 2100 futuro.
417 2054 473 2118 per
496 2053 634 2100 amorem
658 2035 742 2110 enim
765 2035 899 2100 hominis
926 2035 1041 2100 inimiei
1068 2034 1199 2099 ellieeris
1227 2035 1346 2100 amians

207 2139 268 2220 dei,
295 2140 392 2204 immo
419 2157 480 2204 non
510 2140 612 2205 solum
639 2140 758 2204 amiens
786 2141 840 2204 sed
869 2141 962 2204 etiarn
990 2139 1083 2221 filine,
1111 2141 1194 2204 sieut
1221 2144 1252 2204 et
1279 2140 1346 2222 ipse
1374 2165 1398 2205 ιε

206 2244 296 2308 dixit:
323 2244 470 2328 diligite
492 2243 664 2309 inimicos
688 2248 834 2310 uestros
858 2249 890 2308 et
912 2249 1024 2309 uetera.
1070 2245 1095 2308 ei
1111 2247 1142 2308 te
1155 2244 1268 2326 aliquis
1291 2262 1346 2326 po-

206 2353 279 2413 tens
308 2347 402 2412 homo
433 2353 464 2412 et
490 2349 577 2413 dines
607 2349 638 2413 in
669 2349 727 2413 hoo
755 2350 878 2414 saeculo
908 2350 1005 2414 uellet
1035 2349 1217 2432 adoptiuum
1247 2349 1346 2412 lilium

207 2451 320 2533 faeere,
348 2453 502 2534 quomodo
526 2453 670 2534 seruires,
698 2471 776 2535 quas
804 2453 1034 2537 indignationes
1062 2453 1156 2518 etiam
1184 2471 1347 2517 seruorum

208 2557 285 2636 eins,
317 2575 397 2638 qnae
427 2557 554 2622 seruitia
583 2557 753 2622 durissima
783 2563 816 2622 et
844 2557 1009 2639 aliquoties
1040 2557 1134 2621 etiam
1164 2557 1348 2640 turpissima

209 2661 389 2742 sustineres
413 2664 449 2725 ut
469 2661 507 2726 ad
530 2661 678 2726 oaduoam
703 2667 732 2726 ei
755 2662 899 2746 fragilem
921 2662 1003 2726 illius
1026 2661 1204 2744 peruenires
1226 2661 1347 2725 heredi·
1374 2687 1399 2726 ro

208 2769 318 2830 tatem.
357 2765 439 2848 quod
460 2784 532 2850 ergo
551 2767 630 2830 alius
651 2767 785 2832 sustinet
806 2771 933 2850 propter
949 2765 1158 2830 substantiam
1181 2771 1347 2846 terrenam,

209 2875 244 2935 tn
268 2871 387 2935 sustine
409 2875 534 2953 propter
557 2871 656 2936 uitam
680 2875 847 2936 aeternam.
898 2871 1111 2936 oonnineimur
1134 2871 1217 2934 enirn
1240 2871 1347 2934 uertis-

209 2975 290 3040 sima
303 2975 434 3056 ratione,
457 2975 530 3058 qnia
544 2980 670 3059 propter
684 2976 778 3040 deum
801 2976 957 3059 possimus
973 2976 1108 3057 quidem,
1133 2975 1186 3038 sed
1202 2975 1347 3039 nolumus

208 3080 354 3144 iniuriam
385 3081 547 3145 sustinere.
593 3081 725 3163 denique
753 3082 778 3144 si
806 3081 909 3162 aliqua
938 3083 1049 3162 potens
1079 3097 1211 3161 persona
1241 3083 1349 3144 contra

209 3201 267 3250 nos
295 3185 439 3250 iniuriam
467 3185 574 3265 iaciat,
604 3185 631 3249 si
658 3187 752 3250 etiam
780 3203 836 3250 nos
863 3186 894 3249 in
921 3185 1035 3250 faeiem
1062 3185 1144 3249 male
1171 3184 1263 3264 dieat,
1291 3203 1348 3248 neo
1375 3209 1401 3250 re

208 3289 396 3373 respondere
426 3290 541 3372 aliquid
571 3309 732 3374 asperum,
767 3309 829 3354 non
860 3290 960 3354 dioam
990 3289 1092 3354 uioem
1122 3289 1249 3353 reddere
1280 3290 1348 3353 ausi

209 3411 330 3458 sumus.
368 3412 463 3476 quare
486 3394 566 3458 hoa?
604 3413 642 3458 ne
666 3395 704 3458 ab
728 3395 781 3459 illa
803 3411 936 3477 persona
957 3397 1084 3478 potente
1108 3393 1208 3458 adhue
1231 3393 1350 3458 maiora

209 3515 306 3582 quam
333 3499 519 3583 pertulimus
547 3499 712 3583 patiamur.
759 3499 840 3582 quod
867 3497 997 3564 anobis
1026 3501 1188 3582 extorquet
1214 3498 1348 3562 hominis

316 3707 343 3776 l]
361 3705 457 3762 Maon.
472 3709 496 3772 5,
508 3709 551 3763 23.
604 3707 633 3776 8]
654 3709 666 3764 l
686 3706 745 3764 Gor.
761 3709 854 3772 11‚29.
911 3707 955 3776 16]
974 3706 1070 3761 neten.
1084 3709 1108 3773 5,
1121 3709 1169 3770 44;
1188 3705 1251 3760 Luc.
1267 3707 1291 3770 6,
1306 3707 1347 3760 27.

259 3905 379 3962 loll'eris
398 3909 427 3962 D
484 3907 613 3976 2inquitl
632 3909 661 3962 D
713 3906 918 3963 lreeonoiliare
936 3908 976 3962 D¹
1035 3871 1157 3961 soneri's
1175 3907 1204 3960 D
1266 3903 1299 3958 ad
1321 3906 1349 3959 D

210 3993 324 4050 (idolus
341 3995 371 4048 D
426 3994 639 4064 ipsummimus
653 3997 683 4050 D
729 3994 890 4050 aoeidereD
944 3997 973 4050 11
995 3993 1101 4073 alilqnis¹
1118 3993 1147 4048 D
1194 3992 1350 4061 dilegereD

212 4083 245 4138 12
267 4097 382 4151 paruum
405 4083 436 4137 D
497 4079 693 4138 131ab0reD
759 4081 891 4150 premium
914 4083 944 4136 D
1012 4084 1043 4136 17
1067 4079 1144 4150 uellit
1161 4081 1190 4136 D
1251 4079 1286 4133 ad
1304 4077 1349 4132 ob·

212 4193 285 4248 ems
302 4195 332 4249 n
387 4197 421 4250 ao
440 4161 577 4249 moneris
598 4195 626 4250 n
678 4194 909 4264 rrsgnrqplrea
932 4194 1178 4262 aristereon
1234 4196 1267 4250 aa
1289 4207 1349 4262 pro-

210 4281 424 4351 pter-sustine
451 4283 481 4336 D
507 4284 585 4351 iufra
606 4284 637 4336 ire
659 4299 744 4351 morq.
820 4284 854 4337 24
876 4287 939 4336 uate
966 4281 1095 4335 sustinere
1121 4299 1247 4336 mum
1272 4282 1350 4335 babet

212 4369 250 4437 D,
272 4369 303 4423 in
325 4385 379 4439 queo
401 4367 484 4423 faeiat
505 4375 563 4424 erat
623 4370 658 4424 26
684 4367 811 4437 lllrendere
834 4370 864 4425 D
891 4370 959 4436 (erat
984 4369 1019 4436 jre
1039 4370 1070 4423 in
1087 4369 1154 4436 ras.)
1224 4367 1293 4420 aussi
1322 4367 1350 4421 D

212 4456 246 4510 27
265 4455 309 4524 ne]
329 4456 346 4509 b
365 4457 394 4510 D
440 4458 474 4514 28
491 4455 632 4528 ptullimns
651 4456 680 4511 D
