3222 5144
625 471 690 527 1111.
709 446 818 530 ¹Sermo
836 475 859 530 2.
1246 483 1307 548 231

170 647 247 712 ries
274 647 414 729 lilium,
444 666 506 713 non
528 648 695 714 cuiuslibet
722 651 825 716 mariti
846 652 1016 735 hominem,
1045 655 1100 720 sed
1122 658 1217 722 totins
1241 677 1311 723 sae-

172 753 233 818 culi
256 752 455 817 saluatorem.
487 771 536 835 ne,
559 754 670 836 inquit,
693 755 816 837 timeas,
840 755 927 822 abice
943 776 962 822 a
977 763 1008 824 lc
1031 778 1157 824 omnem
1180 766 1310 845 metum,

172 876 252 942 quae
272 859 388 922 saeculi
410 861 598 942 conceptura
620 879 652 924 es
668 860 827 943 gaudium.
862 864 998 944 reuolue,
1021 865 1131 946 Maria,
1154 867 1311 950 propheti-

63 1045 65 1052 Ι
173 982 243 1028 caru
272 963 448 1028 lectionem.
489 981 589 1044 neque
620 965 703 1028 enim
732 968 763 1028 tc
793 967 923 1031 scientia
953 967 1127 1033 diuinorum
1159 971 1310 1036 librorum

172 1072 277 1153 potest
299 1067 479 1151 praeterire,
502 1085 581 1150 quae
601 1069 702 1152 ipsam
725 1069 950 1151 plenitudinem
974 1077 1102 1155 partura
1124 1094 1156 1138 es
1180 1077 1311 1159 prophe·
1337 1105 1350 1144 s

173 1178 288 1238 tarum.
333 1173 434 1238 recole
461 1173 494 1237 in
520 1171 599 1238 libro
622 1173 732 1238 Esaiae
759 1175 927 1258 prophetae
955 1177 1118 1260 uirginem,
1146 1197 1240 1260 quam
1267 1181 1311 1246 le-

171 1277 258 1362 gisti,
282 1281 313 1342 et
335 1277 446 1361 gaude,
469 1277 543 1360 quia
564 1281 598 1342 ιιι
627 1297 670 1358 cs,
698 1297 767 1343 esse
789 1280 941 1344 meruisti.
987 1285 1021 1344 ιιι
1044 1280 1088 1345 ibi
1113 1285 1312 1368 praesignata

173 1401 207 1447 es
231 1383 329 1466 uirgo.
368 1386 403 1445 tu
426 1399 497 1446 ecce
520 1381 675 1466 concipies
697 1383 729 1446 in
752 1387 839 1448 utero
862 1401 923 1448 non
947 1385 985 1449 de
1008 1385 1085 1466 uiro,
1110 1387 1164 1450 sed
1187 1388 1225 1452 de
1248 1390 1311 1471 spi-

173 1488 235 1553 ritu
259 1491 368 1552 sancto
396 1491 427 1552 et
448 1487 577 1571 grauida
607 1487 668 1552 eris
696 1490 728 1551 el
753 1488 998 1553 incontaminata
1027 1490 1179 1572 manebis,
1209 1470 1311 1574 paries

173 1591 275 1657 lilium
298 1595 330 1656 et
351 1592 542 1675 uirginitatis
565 1610 628 1656 non
650 1593 776 1676 patieris
801 1591 1031 1658 detrimentum.
1067 1599 1099 1659 at
1121 1597 1174 1660 illa
1196 1597 1309 1678 iuquit:
1339 1626 1364 1664 ιο

174 1716 259 1762 cccc
282 1697 421 1762 ancilla
444 1697 583 1762 domini
606 1716 700 1778 sum,
726 1697 909 1761 fiatmihi
933 1697 1135 1763 secundnm
1158 1700 1310 1764 uerbum

174 1805 288 1867 tuum.
327 1818 398 1865 mon
420 1801 514 1885 igitur
536 1801 665 1884 angelus
689 1801 820 1884 uirginis
844 1806 969 1882 accepto
992 1821 1145 1867 consensu
1168 1805 1311 1869 caelestis

174 1906 310 1989 regionis
337 1905 455 1973 incolas
477 1906 623 1988 repetiuit
650 1909 682 1970 et
709 1925 779 1969 ecce
802 1906 904 1970 subito
928 1910 1082 1970 secretum
1110 1908 1239 1991 uirginis
1264 1909 1312 1973 in-

174 2009 308 2075 effabilis
330 2010 469 2093 potentia
484 2011 669 2094 penetrauit.
699 2011 795 2076 intrat
810 2011 920 2074 artifex
937 2012 1045 2075 mnndi
1061 2014 1221 2096 angustias
1236 2032 1312 2077 nen·

175 2116 231 2180 tris
254 2115 393 2196 hnmani,
420 2114 553 2179 efficitur
579 2115 708 2198 grauida
731 2119 830 2179 mater
857 2115 976 2179 intacta
1004 2120 1035 2180 et
1058 2133 1128 2180 ecce
1151 2121 1312 2199 tamqnam
1340 2147 1364 2186 n

176 2239 310 2305 sponsus
341 2220 380 2284 de
409 2220 547 2284 thalamo
578 2238 634 2284 sno
664 2220 783 2284 Mariae
811 2219 953 2284 Christus
983 2221 1123 2304 procedit
1149 2241 1185 2285 en
1216 2226 1312 2286 utero.

175 2326 349 2390 occultatur
368 2325 401 2390 in
418 2323 567 2389 membris
583 2325 711 2389 infantis
731 2325 872 2408 potentia
893 2325 1077 2406 maiestatis
1100 2325 1176 2390 deus
1199 2327 1314 2408 pendet

176 2432 215 2495 ad
239 2430 347 2510 ubera,
369 2447 544 2512 pannorum
567 2430 678 2493 uilium
699 2431 840 2510 squalore
861 2430 1045 2514 contegitur,
1069 2429 1227 2494 durissimi
1250 2431 1315 2495 suf-

176 2537 237 2600 fert
259 2535 417 2619 praesepis
440 2535 601 2619 angustias
629 2537 661 2598 et
684 2538 784 2599 toturn
808 2534 981 2598 misericors
1005 2534 1165 2598 humiliter
1186 2535 1313 2617 patitur,

177 2640 345 2705 dnmmodo
369 2639 514 2719 mundns,
538 2639 592 2721 qni
614 2640 758 2722 perierat,
782 2638 974 2702 liberaretur.
1314 2667 1365 2706 ,ιι

220 2744 356 2810 Obeata
378 2744 520 2824 infantia,
543 2750 716 2827 perquam
740 2742 837 2807 nostri
860 2743 983 2826 generis
1006 2743 1071 2806 uita
1091 2745 1138 2806 est
1161 2747 1313 2826 reparata,

177 2870 194 2915 o
209 2850 381 2934 gratissimi
405 2848 665 2930 delectabilesque
685 2847 821 2931 uagitns,
844 2866 899 2928 per
915 2865 991 2928 quos
1008 2847 1155 2911 stridores
1172 2847 1314 2911 dentium

176 2961 385 3040 paternosque
407 2954 545 3038 ploratus
569 2952 737 3032 suasimus,
764 2970 783 3015 o
805 2952 911 3015 felices
934 2951 1039 3034 panni,
1068 2951 1179 3033 quibus
1206 2969 1315 3034 pecea-

177 3067 282 3126 torum
310 3059 415 3124 sordes
439 3057 634 3138 extersimus,
662 3075 680 3120 o
702 3075 851 3139 praesepe
879 3055 1086 3138 splendidum,
1115 3056 1145 3119 in
1170 3073 1229 3137 qno
1253 3073 1315 3120 non

178 3166 272 3230 iacuit
298 3165 424 3228 foenum
450 3163 647 3242 animalium,
676 3161 730 3225 sed
757 3159 845 3224 cibus
873 3161 1019 3224 inuentus
1047 3163 1096 3223 est
1122 3161 1314 3243 angelornm.
1342 3187 1367 3226 ιι

178 3273 269 3351 lacta,
293 3269 404 3348 Mario,
427 3271 599 3331 creatorem
616 3271 715 3346 tunm,
739 3266 820 3329 lacta
836 3283 949 3347 panem
966 3264 1053 3344 caeli,
1077 3264 1159 3327 lacta
1181 3264 1314 3347 pretium

179 3375 297 3454 mundi,
324 3373 438 3457 praebe
461 3371 612 3437 lambenti
640 3369 857 3449 mammillam,
884 3373 919 3433 ιιι
945 3387 1000 3452 pro
1023 3373 1054 3432 te
1081 3369 1146 3450 ipsc
1168 3367 1317 3450 praebeat

178 3478 412 3562 percutientise
434 3477 604 3556 maxillam,
628 3474 783 3539 nutriatur
797 3473 900 3538 inians
923 3478 1048 3538 tuorum
1071 3472 1202 3536 uterum
1225 3473 1315 3552 lacte,

180 3589 214 3649 ut
236 3583 358 3649 iuuenis
382 3581 512 3666 accipiat
534 3581 614 3645 acati
637 3579 829 3663 potationem
852 3595 907 3662 pro
930 3582 971 3642 te.
1011 3577 1114 3641 ierant
1138 3595 1208 3640 eum
1233 3595 1316 3642 nnnc

284 3803 312 3872 6]
331 3801 364 3856 ci.
379 3801 447 3856 Esai.
462 3803 485 3865 7,
500 3803 540 3856 14.
596 3799 639 3868 ll]
658 3797 721 3852 Luc.
737 3801 760 3862 1,
772 3799 814 3853 38.

222 4004 352 4074 linquid
372 4005 400 4059 D
461 4001 548 4056 abiooe
568 4003 596 4056 D
653 4003 738 4068 3que
758 4001 786 4053 D
843 4003 927 4066 5que
946 3998 976 4051 D
1034 3994 1156 4065 desaige
1176 3995 1205 4048 D
1257 4009 1317 4064 pro-

181 4094 261 4166 phpte
281 4095 311 4150 D
363 4095 435 4148 lan
453 4107 480 4144 as
499 4090 640 4146 delendum
657 4105 717 4142 curm
730 4087 823 4156 nup?
876 4083 1089 4152 praesignatores
1107 4081 1265 4152 Aop.,13ter
1283 4081 1317 4132 si-

182 4187 274 4250 gnatas
293 4183 323 4236 D
375 4180 628 4247 ainoontampnata
646 4177 675 4231 D
729 4179 761 4230 10
779 4173 925 4228 etrimentd
945 4173 973 4226 D
1025 4169 1119 4238 inquid
1139 4169 1168 4223 D
1227 4171 1258 4223 13
1277 4167 1317 4220 in-

183 4269 252 4324 colas
273 4271 381 4340 scripsi,
406 4265 491 4321 incola
509 4267 546 4334 D,
569 4264 670 4320 accolas
693 4265 763 4334 App.
829 4263 859 4317 14
878 4257 1028 4330 penetrauit
1048 4258 1127 4326 Aop,
1147 4255 1271 4324 repetiuit
1290 4255 1319 4308 D

183 4358 325 4426 angustias
344 4357 372 4412 D
435 4358 466 4412 17
490 4353 582 4424 pendit
605 4354 634 4407 D
697 4354 729 4406 18
751 4348 869 4403 scualcre
888 4348 917 4401 D
978 4347 1012 4400 22
1038 4342 1201 4398 dilectabilcs
1219 4357 1270 4410 qup
1291 4341 1319 4394 D

184 4447 216 4501 23
233 4445 351 4516 plorator
370 4446 399 4500 D
460 4442 607 4514 puassimus
631 4443 659 4496 D
725 4434 981 4507 conpunctorii
1047 4435 1080 4489 26
1104 4432 1265 4486 cracatorcnr
1290 4427 1318 4482 D
