3268 5142
539 493 766 564 Epistularum
783 491 866 548 1th
883 496 976 551 8—10.
1265 493 1328 556 363

189 671 320 753 conlido,
352 671 433 754 quod
462 670 737 736 intercessionibus
768 671 882 736 uestris
913 669 980 736 fieri
1009 669 1109 752 possit
1135 686 1245 752 agnus,
1276 669 1329 749 qui

188 778 294 840 uester
316 776 464 840 meruerit
487 795 556 841 esse
580 775 758 858 discipulus.

741 999 780 1064 X.

440 1160 560 1201 DOMINO
583 1159 716 1200 Pachom
741 1159 798 1200 SUO
821 1159 902 1200 LUPO
924 1157 1078 1202 sumente.

233 1297 348 1380 Accepi
363 1297 483 1361 litteras
500 1295 769 1379 magnanimitatis
785 1297 867 1374 tuae,
888 1293 1002 1376 quibus
1019 1311 1165 1358 excusare
1181 1293 1330 1377 (lignaria,
1369 1319 1382 1358 c

190 1402 282 1484 quod,
306 1405 343 1464 ut
364 1401 530 1464 merarius
547 1400 740 1482 eloquentiae
755 1403 828 1463 tuae
843 1417 912 1462 rore
928 1415 1101 1482 respergas
1125 1397 1222 1462 baiuli
1237 1397 1332 1462 faciat

191 1507 306 1587 inopia,
331 1505 484 1586 simulque
509 1504 604 1568 etiam
627 1503 745 1567 indicas
765 1507 797 1567 te
817 1503 932 1582 mirari,
956 1521 1019 1582 cnr,
1044 1520 1115 1566 cum
1131 1502 1208 1566 mihi
1223 1520 1330 1565 eorum

190 1609 367 1691 frequentia
387 1611 542 1691 suppetat,
566 1607 733 1672 uerborum
757 1625 878 1689 quoque
902 1607 990 1688 copia
1012 1609 1136 1688 compta
1158 1623 1221 1670 non
1241 1606 1330 1686 desit,

192 1711 282 1777 uobis
306 1711 440 1776 scribere
464 1713 587 1793 saepius
611 1711 791 1774 detrectem.
816 1710 896 1792 quod
919 1729 975 1775 uos
998 1729 1053 1793 per
1068 1711 1209 1790 ironiam,
1233 1713 1268 1774 ut
1284 1713 1331 1773 est

191 1816 304 1899 leporis
327 1817 425 1880 uestri
448 1815 604 1895 facundia,
628 1815 761 1880 iactasse
785 1833 847 1878 non
867 1814 1001 1896 ambigo,
1026 1833 1097 1878 cum
1114 1817 1146 1878 et
1161 1831 1216 1877 uos
1232 1813 1332 1877 abun·
1359 1841 1383 1880 ιο

192 1921 271 1984 detis
302 1919 473 1984 tabellariis
504 1922 535 1982 et
565 1939 615 1982 mc
647 1919 752 1982 sciatis
782 1918 924 1983 laborare
955 1921 1095 2001 egestate
1119 1918 1271 1981 sermonis
1296 1935 1331 1980 ec

193 2023 356 2088 sterilitate
388 2023 475 2087 erilis
502 2022 621 2106 ingenii
648 2023 734 2086 uelut
757 2023 882 2086 aestiuis
906 2022 1068 2086 mensibus
1091 2021 1207 2086 arentis
1231 2039 1331 2086 uenae

193 2146 320 2193 cursum
343 2127 464 2208 sudare,
492 2145 554 2191 non
577 2126 682 2191 fluere.
718 2125 878 2190 addidistis
902 2126 1007 2205 etiam,
1031 2127 1112 2190 sicut
1133 2125 1250 2190 Achilli
1271 2125 1332 2189 Pa·

193 2233 326 2297 troclum
358 2236 412 2296 aut
434 2231 563 2295 Herculi
586 2232 745 2296 Theseum
775 2231 825 2294 uel
849 2231 970 2295 Theseo
993 2231 1177 2310 Pirithoum,
1208 2230 1252 2293 ita
1274 2247 1330 2293 uos

192 2337 271 2400 mihi
300 2337 412 2400 debere
444 2336 563 2400 sociari.
617 2336 650 2399 in
680 2335 727 2399 his
758 2334 873 2399 fabulis
903 2336 1054 2416 factisque
1085 2335 1239 2398 maiorum
1269 2351 1332 2397 nou
1359 2362 1384 2402 n

193 2441 444 2526 praerogatiuam
473 2458 686 2524 personarum,
718 2439 772 2504 sed
799 2440 1052 2521 conparationem
1078 2437 1228 2502 debemus
1256 2438 1332 2502 dile-

194 2545 304 2610 ctionis
340 2545 492 2626 accipere,
527 2548 562 2608 ut
595 2545 767 2610 amicorum
798 2545 971 2608 recolentes
1003 2543 1131 2607 nomina
1164 2559 1332 2623 sequamur

194 2649 337 2732 exempla
366 2653 397 2712 et
426 2667 534 2712 eornm
564 2649 596 2712 in
624 2667 680 2712 nos
704 2647 857 2712 uocabula
879 2647 1104 2711 transferentes
1128 2646 1239 2710 merite
1260 2663 1333 2709 con-

193 2753 331 2818 feramus
354 2756 447 2835 atque
471 2771 507 2816 ex
529 2753 668 2835 ipsorum
691 2753 787 2835 gestis
810 2750 977 2834 magnifica
999 2769 1139 2832 quaeque
1155 2753 1186 2813 et
1201 2749 1334 2814 honesta

195 2860 357 2940 carpentes
388 2857 472 2921 uitae
499 2860 623 2920 nostrae
646 2857 765 2920 utiliter
787 2859 969 2938 coaptemus
993 2859 1024 2920 et
1046 2855 1220 2919 seruiamns
1243 2853 1332 2918 nobis
1359 2881 1385 2920 so

194 2961 226 3026 in
249 2961 378 3025 caritate
400 2961 540 3041 candida,
564 2979 626 3025 nen
650 2961 826 3025 adulatione
850 2961 954 3024 fucata
977 2959 1229 3040 studeamusque,
1252 2957 1334 3039 quod

194 3067 227 3130 in
250 3065 394 3130 amicitiis
418 3065 544 3129 illorum
566 3067 728 3148 poetarum
744 3065 865 3129 falsitas
882 3064 978 3144 finxit,
1002 3064 1034 3128 in
1051 3063 1141 3128 nobis
1157 3063 1333 3127 animorum

195 3170 310 3234 nantas
333 3171 472 3252 peragat,
496 3173 541 3250 ut,
565 3169 639 3232 dum
662 3169 780 3233 imitari
799 3169 942 3232 uidemur
957 3169 1095 3250 antiqua,
1118 3167 1332 3248 relinquamus

195 3273 347 3338 imitanda
380 3276 411 3336 et
444 3273 602 3337 seniorum
636 3274 720 3337 facta
752 3273 914 3337 laudantes
947 3272 1111 3336 laudemur
1142 3289 1160 3334 a
1189 3271 1331 3354 posteris.

194 3378 272 3442 haec
294 3395 377 3460 ergo,
406 3377 529 3440 domine
552 3377 606 3457 mi,
634 3375 763 3440 flamma
784 3377 918 3458 pectoris
943 3377 1013 3455 mci,
1044 3375 1239 3459 persuasioni
1261 3379 1333 3439 tuae
1361 3403 1386 3441 2⁵

195 3499 289 3564 quam
312 3481 519 3546 conscientiae
543 3499 631 3546 meae
656 3481 790 3564 amplius
812 3481 940 3544 credens
956 3481 1063 3564 gerulo
1079 3480 1249 3543 festinante
1263 3479 1334 3543 bre-

196 3587 275 3650 uiter
305 3586 482 3668 cursimque
514 3586 638 3664 dictaui,
669 3603 748 3667 quae
777 3586 888 3667 peritia
915 3587 969 3648 tua
997 3589 1028 3649 et
1049 3583 1190 3666 probitas
1213 3587 1276 3664 tua,
1307 3584 1334 3648 si

196 3691 288 3754 amici
310 3690 515 3756 uerecundiae
539 3690 738 3771 consuluerit,
763 3693 817 3754 aut
839 3690 940 3753 celare
956 3689 1083 3754 debebit
1099 3692 1153 3752 ant
1168 3688 1333 3752 emendare

196 3793 326 3859 curabit.

238 3979 255 4032 4
272 3975 387 4046 pectoris
403 3975 444 4029 sui
456 3977 517 4044 Kr,
535 3977 598 4044 fort.
612 3981 687 4042 reete,
706 3975 1119 4045 ef.p.365,6.366‚10.367,5
1171 3976 1187 4030 8
1206 3975 1295 4027 comta
1312 3975 1336 4030 S

196 4067 212 4121 9
230 4063 336 4118 hiruind
355 4064 378 4119 S
430 4064 462 4118 12
481 4061 626 4116 sterelitate
646 4062 670 4118 S
720 4062 837 4114 aestiuus
856 4062 879 4116 S
943 4062 975 4114 14
992 4058 1134 4115 hirculiS
1194 4063 1227 4116 16
1245 4075 1334 4130 prero-

196 4149 358 4220 gatiuamS
420 4152 451 4206 17
475 4150 646 4218 antiquorum
665 4149 848 4218 Luetjobaan,
872 4147 1018 4200 amicorum
1041 4145 1148 4200 illorum
1169 4146 1354 4216 Gustcsscoe·

199 4265 230 4320 18
242 4265 269 4316 et
280 4277 372 4316 corum
385 4262 402 4316 i.
413 4279 438 4315 n.
448 4260 579 4316 uocabula
590 4262 654 4316 add.
670 4263 733 4316 Sin
745 4277 829 4330 marp.
883 4225 1097 4316 trariferentesS
1148 4261 1180 4314 19
1194 4260 1336 4330 queqnpS

196 4351 228 4406 21
248 4349 383 4418 fugatas
444 4350 478 4403 22
496 4347 662 4404 amicitusS
724 4350 759 4402 28
777 4345 941 4400 consuluerit
958 4349 1065 4416 scripsi,
1088 4346 1206 4400 consulit
1224 4347 1253 4414 S,
1273 4360 1334 4400 con-

197 4435 292 4492 sulita
