3264 5134
669 449 766 504 Liber
784 450 839 505 19.
1195 447 1198 456 ’
1277 453 1315 515 31

186 627 319 687 contra
341 624 532 706 spiritalia
559 625 749 706 nequitiae
780 625 815 688 in
846 625 1083 689 caelestibus.
1122 631 1319 708 propterea

186 726 349 810 aecipite
380 733 604 792 armaturam
632 729 703 808 dei,
734 731 774 792 nt
803 730 957 810 possitis
987 730 1165 793 resistcre
1195 731 1231 794 in
1261 731 1318 795 die

183 833 281 895 malo
312 835 349 896 et
380 811 618 896 iu⁸omnibus
649 832 810 916 perfecti
841 835 950 896 stare.
998 837 1094 897 state
1125 852 1210 917 ergo
1240 854 1319 898 snc-

183 935 300 999 cincti
323 935 468 1000 lumbos
492 939 639 1000 uestros
662 937 697 1000 iu
721 937 894 1017 caritate,
922 937 1043 1001 induti
1069 938 1186 1002 lorica
1212 939 1318 1002 insti-

184 1040 260 1103 tiae
281 1043 317 1102 et
332 1041 491 1104 calceati
511 1041 622 1123 pedes
642 1041 678 1103 in
695 1041 981 1122 praeparatione
997 1042 1185 1124 euangelii
1200 1043 1317 1124 pacis,
1357 1063 1370 1102 s

182 1144 217 1206 in
249 1143 424 1208 omnibus
458 1148 651 1208 sumentes
682 1148 827 1208 scutum
858 1144 964 1225 fidei,
995 1145 1031 1208 in
1062 1163 1131 1226 qno
1161 1147 1317 1228 possitis

183 1247 307 1310 omnia
328 1249 406 1312 tela
428 1248 650 1329 nequissimi
672 1249 782 1332 ignea
804 1249 1031 1331 extinguere.
1063 1267 1134 1313 cum
1157 1249 1255 1314 dicat:
1279 1255 1318 1314 ut

182 1352 343 1434 possitis
367 1355 468 1416 stare
491 1353 670 1416 aduersus
698 1352 857 1416 insidias
880 1352 1033 1432 diaboli,
1065 1357 1096 1416 et
1122 1355 1249 1417 iterum:
1277 1359 1318 1418 nt

183 1456 342 1537 possitis
358 1456 539 1521 resistere
555 1457 590 1520 in
607 1456 665 1520 die
681 1457 791 1536 malo,
807 1457 882 1521 etin
895 1458 1110 1538 consequenti:
1127 1462 1316 1522 sumentes

182 1563 330 1622 scntnm
358 1559 463 1639 fidei,
493 1561 529 1623 iu
557 1577 624 1642 qno
654 1561 808 1642 possitis
839 1561 961 1624 omnia
990 1561 1068 1624 tela
1094 1561 1316 1642 nequissimi
1344 1583 1368 1621 ιο

181 1663 292 1745 ignea
315 1664 551 1747 extinguere,
579 1665 774 1747 apertissime
797 1664 974 1728 ostendite
996 1665 1053 1728 deo
1075 1665 1317 1746 possibilitatem

180 1766 299 1830 arbitrii
322 1769 406 1832 omni
429 1767 547 1833 homini
570 1769 667 1832 fuisse
683 1786 873 1849 concessam,
897 1787 959 1850 qua
982 1769 1009 1832 ei
1031 1773 1210 1851 promptum
1233 1773 1317 1833 esset

181 1889 240 1934 non
265 1871 369 1934 solnm
391 1872 477 1935 carni
500 1889 573 1936 suae
596 1872 751 1951 resistere,
783 1873 837 1936 sed
866 1873 959 1936 etiam
987 1871 1110 1936 diabolo
1133 1891 1315 1956 repugnare,

180 1975 217 2038 de
234 1993 296 2056 quo
320 1975 426 2038 etalio
442 1976 508 2039 loco
524 1976 615 2040 dicit:
639 1977 812 2060 uigilata,
836 1977 945 2057 inquit,
971 1977 1056 2057 quia
1078 1976 1315 2040 aduersarius

180 2083 308 2142 uester
331 2079 504 2144 diabolus
520 2083 710 2162 tamqnam
732 2081 789 2144 leo
812 2081 966 2163 rugiens
982 2081 1314 2162 circuitquaerens
1343 2104 1366 2143 rs

181 2202 287 2264 qnam
310 2184 473 2249 deuoret.

222 2286 253 2352 Si
283 2287 357 2351 huic
388 2287 564 2353 aduersario
594 2289 656 2352 iam
687 2291 787 2353 certos
818 2306 955 2370 quosque
986 2289 1132 2372 inposita,
1162 2290 1314 2372 quomodo

180 2392 303 2472 asseris,
327 2392 454 2474 originis
478 2392 647 2456 necessitas
671 2392 859 2475 deputasset,
887 2411 949 2457 uon
977 2399 1139 2474 quaereret
1161 2412 1238 2474 quos
1261 2395 1313 2458 de-

180 2497 296 2578 ciperet
318 2513 374 2559 nec
396 2497 552 2578 deputatis
575 2497 704 2580 uigilare
727 2499 897 2580 prodesset.
930 2497 1060 2561 sednon
1082 2498 1127 2560 ita
1150 2501 1206 2561 est.
1239 2517 1312 2562 nam

180 2600 260 2664 sicut
283 2600 380 2663 hostis
404 2600 549 2664 omnibns
573 2601 767 2680 admonetur,
795 2601 839 2664 ita
865 2600 1009 2664 omnibns
1037 2601 1182 2683 praesidii
1205 2606 1236 2666 et
1258 2603 1312 2665 ad·
1338 2623 1364 2662 ro

179 2704 283 2768 interii
306 2703 430 2768 dextera
453 2721 515 2769 ron
537 2708 669 2788 negatur
692 2710 723 2770 et
745 2704 904 2770 orantibus
922 2723 957 2768 ac
973 2704 1174 2788 uigilantibus
1191 2707 1311 2770 miseri-

179 2808 299 2871 cordiae
322 2807 516 2891 benignitate
539 2809 737 2888 succurritur,
761 2827 840 2890 quae
861 2809 968 2890 ntique
990 2808 1187 2892 pulsantibus
1211 2813 1310 2894 magis

179 2929 213 2974 er
236 2911 400 2975 deuotione
423 2929 516 2993 quam
545 2931 581 2976 ex
606 2913 888 2995 praedestinatione
911 2913 1057 2976 defertur.
1095 2913 1200 2994 itaque
1229 2914 1311 2978 iuter

178 3015 247 3094 ista,
276 3017 329 3096 qui
351 3015 425 3078 dicit
448 3015 546 3080 solam
572 3016 707 3098 gratiam
738 3017 804 3080 sine
835 3016 980 3080 exercitio
1006 3016 1107 3098 operis
1138 3021 1169 3080 et
1195 3016 1310 3082 laboris

178 3137 268 3200 posse
291 3117 444 3198 sulficere,
468 3137 571 3182 nonne
593 3120 651 3183 tibi
671 3120 795 3184 uidetur
814 3121 847 3184 in
861 3120 942 3184 hanc
965 3119 1176 3202 blasphemiae
1200 3138 1309 3184 nocem
1336 3141 1362 3181 aa

178 3221 311 3286 alienata
327 3227 430 3286 mente
450 3241 666 3306 prorumpere:
696 3242 788 3288 nemo
810 3224 931 3306 uigilet,
954 3241 1046 3288 nemo
1069 3225 1194 3304 ieiunet,
1219 3243 1309 3289 nemo

179 3327 315 3390 luxuriae
338 3327 594 3410 inpugnationem
618 3327 824 3392 abstinentiae
848 3328 1028 3392 contritione
1052 3329 1194 3411 castiget,
1217 3347 1309 3394 uerno

178 3429 294 3494 bellum
322 3431 406 3496 uitiis
429 3431 667 3496 mortificatione
695 3433 852 3496 exterioris
882 3432 1007 3512 indicat,
1035 3451 1126 3496 nemo
1155 3433 1308 3497 interioris

178 3551 266 3598 curae
288 3535 399 3618 plagas
422 3535 584 3600 salutifera
606 3535 770 3601 afflictione
794 3537 969 3616 contendat,
993 3553 1083 3600 nemo
1099 3536 1221 3600 libidini
1236 3554 1309 3600 cou-

283 3723 327 3792 14]
349 3728 360 3779 l
381 3724 452 3779 Patr.
472 3728 496 3788 5,
509 3727 533 3781 8.

218 3897 387 3952 termatnra
405 3897 432 3951 P
486 3897 549 3953 lin
567 3898 631 3952 add.
645 3899 687 3953 P²
739 3899 884 3954 ueritates
936 3897 1021 3952 lurica
1038 3899 1066 3953 P
1120 3899 1263 3955 boalciate
1282 3901 1310 3956 P

177 3983 368 4054 'lueqnissime
387 3985 414 4039 P
469 3985 596 4054 8positis
615 3986 642 4040 P
701 3986 828 4054 9positis
846 3987 874 4040 P
935 3990 966 4042 10
984 3985 1062 4040 fidaei
1081 3987 1108 4040 P
1169 3989 1201 4044 12
1219 4003 1306 4058 prom·

177 4101 232 4150 tum
249 4097 277 4152 P
339 4099 371 4154 13
390 4095 497 4151 diabulo
515 4098 543 4153 P
606 4099 638 4154 15
656 4097 779 4152 diabulus
798 4098 825 4152 P
889 4101 919 4154 17
939 4065 1022 4152 certzs
1041 4101 1068 4154 P
1130 4115 1263 4167 quosqnae
1281 4101 1309 4154 P

176 4182 344 4252 impositosc
393 4186 424 4240 18
443 4183 580 4253 deceperat
597 4185 625 4238 P
672 4187 703 4240 19
721 4185 842 4288 uigiliare
861 4184 888 4238 P
933 4187 965 4240 22
983 4185 1090 4254 utiqnae
1109 4187 1136 4241 P
1180 4188 1214 4241 23
1231 4203 1306 4256 prae·

177 4293 344 4350 distinetione
363 4297 390 4351 P
431 4296 536 4364 itaquae
555 4297 583 4350 P
626 4299 660 4352 24
678 4298 784 4351 exerciti
803 4299 830 4352 P
874 4299 907 4352 27
925 4297 1040 4351 luxoriae
1054 4299 1081 4352 P
1128 4301 1161 4355 28
1179 4300 1307 4354 exterisc

175 4399 238 4436 nara
255 4383 372 4438 bominis
389 4389 449 4452 post
467 4383 601 4436 exterioris
619 4384 795 4442 addendam?
857 4383 995 4438 interiores
1013 4386 1041 4440 P
1100 4387 1134 4440 29
1152 4384 1262 4438 libidine
1280 4386 1308 4439 P
