3244 5130
640 424 736 479 riser
753 425 781 478 11
802 429 875 481 1-3.
1266 426 1327 491 135

190 599 369 663 crucifixum
393 601 443 664 acl
465 602 691 666 resurrectione
715 603 747 665 in
770 619 882 686 corpus
905 601 1062 666 redditum
1077 602 1128 666 uel
1143 603 1327 668 ascensione

191 704 223 768 in
246 703 394 769 caelestia
416 705 631 770 sublimatum.
669 707 755 789 operi
778 711 809 770 et
830 725 981 790 personae
1004 705 1058 770 filii
1087 707 1243 790 adsignari
1268 707 1330 772 isto

191 809 365 874 necessario
395 809 551 890 conuenit,
581 809 715 874 adscribi
744 827 818 876 uero
849 811 972 894 spiritui
1002 815 1110 875 sancto
1140 811 1228 876 salua
1255 811 1329 876 licet

191 915 360 979 uoluntatis
384 915 504 978 unitate
527 933 588 980 non
612 915 769 979 conuenit.

233 1018 319 1084 Inter
337 1019 415 1083 haec
436 1004 552 1084 adserit
567 1019 768 1084 Macedoniae
790 1022 965 1084 creaturam
986 1039 1054 1084 esse
1075 1020 1218 1103 spiritum
1239 1037 1329 1084 sanc·
1368 1045 1381 1086 s

191 1129 266 1188 tum.
291 1123 373 1188 unda
389 1123 555 1204 uidebitur,
578 1123 719 1207 incipiat,
742 1123 911 1188 dnmmodo
933 1123 1011 1188 nihil
1034 1123 1138 1188 uerbis
1156 1125 1221 1188 suis
1237 1143 1330 1208 agere

190 1231 372 1312 praesumat
401 1247 459 1293 neo
489 1245 595 1292 sacrae
625 1227 704 1311 legis
734 1228 868 1292 orbitarn
896 1228 998 1292 aliena
1021 1246 1040 1292 a
1062 1228 1178 1292 sanctis
1204 1229 1328 1312 paginis

191 1332 401 1416 disputatione
424 1332 636 1413 transcendat,
661 1333 715 1397 sed
738 1333 956 1423 auctoritatem
980 1352 1034 1416 per
1050 1333 1156 1397 omnia
1172 1332 1225 1414 [do
1241 1333 1330 1397 testi-

191 1437 329 1520 moniis],
353 1438 380 1502 si
402 1439 497 1518 ualet,
520 1437 667 1521 proferat,
696 1455 775 1519 qnae
799 1441 906 1502 contra
929 1437 1024 1502 totius
1048 1437 1157 1502 mundi
1180 1436 1274 1502 fidem
1298 1440 1330 1502 et

190 1560 319 1606 numero
343 1545 374 1606 et
396 1541 512 1606 uirtute
534 1541 746 1623 praeualeant.
785 1541 907 1624 magnis
932 1541 998 1605 sine
1022 1541 1115 1606 dubio
1136 1541 1329 1625 allegationi·
1356 1565 1381 1606 ιο

189 1645 249 1710 bus
280 1649 313 1711 et
339 1647 470 1730 copiosis
494 1664 530 1710 ac
552 1646 643 1710 ualde
667 1644 864 1711 euidentibus
887 1663 964 1730 opus
989 1650 1037 1710 est
1060 1646 1263 1727 documentis
1295 1649 1330 1710 nt

190 1751 319 1834 quisque
333 1751 423 1816 illum
436 1769 472 1814 ex
485 1769 614 1815 numero
627 1755 838 1815 creaturarum
851 1768 949 1814 unum
963 1769 1031 1815 osse
1044 1751 1219 1831 conuincat,
1235 1748 1328 1832 quem

190 1874 262 1920 oum
283 1859 373 1938 patre
397 1859 428 1920 et
449 1853 512 1920 lilio
535 1855 674 1920 eiusdem
692 1854 816 1920 honoris
833 1857 865 1919 et
880 1855 996 1938 gloriae
1013 1855 1160 1919 uniuersa
1175 1857 1329 1919 tertuum

188 1977 286 2044 regna
315 1959 545 2040 concelebrant,
577 1978 671 2042 quem
700 1959 853 2024 catholica
884 1959 1016 2024 ecclesia
1038 1963 1211 2024 creatorem
1234 1977 1327 2024 suum

188 2065 221 2130 in
248 2065 357 2130 eodem
383 2067 569 2150 regenerata
598 2065 767 2148 cognoscit.
807 2067 839 2128 et
867 2066 963 2144 recte,
993 2082 1087 2146 quem
1116 2067 1325 2148 reparatorem
1355 2087 1379 2127 c

189 2188 281 2234 suum
302 2169 462 2254 perspicit,
485 2168 610 2234 eredere
634 2186 695 2234 non
718 2171 884 2233 cunctatur
906 2170 1075 2232 auctorem.

730 2411 788 2476 ΠΙ.

191 2575 335 2618 oarncnlo
362 2574 547 2634 MACEDON11‚
575 2573 638 2623 Qun
665 2575 752 2614 lnss‘ln
776 2572 921 2614 SPIRITUM
946 2571 1088 2614 SANCTUM
1113 2571 1248 2612 ansatur
1272 2570 1328 2610 EX-

529 2660 768 2702 OELLBNTIOREM
792 2659 992 2701 GREATURAM.

233 2797 427 2878 ereaturam,
456 2797 571 2879 inquis,
602 2797 679 2876 dica
711 2795 765 2860 sed
796 2793 1047 2859 excellentiorem
1074 2791 1219 2857 omnibus
1243 2810 1328 2856 crea·
1354 2817 1379 2856 20

191 2904 274 2968 turis.
302 2903 472 2986 praelocuti
485 2920 604 2982 sumne,
620 2903 655 2965 nt
671 2901 825 2964 actionem
840 2903 981 2964 nostram
996 2915 1059 2962 non
1074 2895 1326 2981 persuasionibus

188 3007 329 3091 propriis,
353 3007 408 3072 sed
431 3006 589 3071 catholicis
606 3005 807 3090 disponamus
824 3003 966 3068 oraculis.
1005 3003 1042 3066 de
1064 3003 1120 3067 deo
1135 3001 1230 3085 igitur
1247 3003 1327 3066 trac·

189 3112 326 3176 tautibus
343 3110 432 3176 nobis
447 3111 608 3194 propheta,
625 3110 793 3193 apostolus,
810 3107 1003 3191 euangelista
1017 3107 1211 3190 respondeat.
1241 3122 1327 3169 crea-

189 3221 291 3281 turam
307 3217 383 3280 diois
397 3215 646 3280 excellentiorem
662 3213 808 3278 omnibus
825 3213 985 3277 creaturis
1010 3211 1148 3292 ostende,
1165 3211 1196 3275 in
1213 3209 1326 3292 quibus

188 3321 272 3385 libris
289 3321 366 3384 haec
382 3321 419 3384 de
436 3320 547 3404 spiritu
569 3322 676 3384 sancto
691 3319 805 3402 legeris
820 3316 926 3381 uerba.
965 3335 1037 3397 non,
1058 3316 1175 3400 opinor,
1192 3315 1223 3378 in
1239 3318 1325 3379 ueto·
1352 3340 1378 3379 rs

188 3424 284 3506 ribus,
316 3442 378 3489 non
408 3425 439 3488 in
471 3423 560 3488 nouis
591 3422 728 3487 docebis.
767 3441 838 3486 curn
862 3439 935 3505 ergo
958 3421 1095 3504 prolerre
1119 3437 1181 3484 non
1208 3420 1325 3499 ualeas,

189 3527 260 3593 dnm
283 3533 338 3594 tua
361 3547 422 3594 non
446 3528 591 3612 explicas,
619 3531 727 3592 nostra
749 3525 928 3606 confirmas,
959 3525 1033 3589 dum
1064 3528 1239 3589 creaturam
1263 3541 1325 3588 non

190 3632 371 3718 conmotus,
395 3633 490 3698 ctiam
514 3633 602 3698 nobis
626 3631 804 3696 tacentibus
828 3635 999 3695 creatorem
1023 3649 1091 3694 esse
1119 3629 1325 3693 demonstras.

231 3831 441 3887 lcrucifixnsV
490 3831 530 3901 in]
544 3830 607 3886 ado
659 3829 819 3898 2asaignari
832 3831 860 3884 P
910 3829 1086 3884 Snecessarie
1102 3828 1128 3882 V
1178 3825 1287 3880 asscribi
1300 3827 1327 3881 P

188 3921 273 3974 lnon
292 3936 428 3988 suprascr.
442 3920 479 3973 P¹
531 3918 659 3974 {iusserit
678 3919 705 3971 P
756 3915 936 3984 macjsedonius
954 3917 982 3969 P
1033 3913 1203 3970 buidcbitnr
1218 3915 1324 3984 scripsi,

188 4004 290 4060 uidebit
311 4006 343 4072 V,
368 4003 474 4058 uidetur
493 4006 521 4059 P
572 4003 651 4058 modo
670 4005 697 4058 P
748 4007 872 4058 lsacrae
889 4001 1042 4056 laeliana
1060 4020 1110 4057 ora.
1130 4002 1158 4056 P
1208 4003 1325 4058 Sroerba

189 4091 220 4146 de
233 4091 393 4146 testimoniis
405 4093 500 4148 desum
518 4093 590 4147 inl'
643 4094 673 4146 ll
693 4091 735 4161 ac]
755 4093 814 4144 ote
869 4091 900 4144 16
918 4105 996 4143 suum
1014 4107 1094 4144 omo
1147 4091 1180 4145 18
1198 4087 1324 4142 excellen-

190 4203 282 4258 tiorem
296 4205 390 4258 asserit
403 4205 430 4258 P
479 4207 514 4260 20
527 4205 653 4273 inquitP
703 4206 734 4259 21
749 4169 891 4273 praelocaiti
905 4203 932 4256 P
946 4203 1059 4268 (uotam
1073 4203 1133 4268 alt.)
1185 4203 1219 4257 22
1236 4200 1324 4270 dispc-

190 4307 282 4344 namur
300 4293 335 4360 P,
353 4291 550 4361 deponamuso
611 4293 644 4347 25
662 4290 727 4344 baec
745 4309 795 4346 om.
815 4291 843 4344 P
903 4287 985 4342 uerba
1002 4287 1097 4358 legeris
1117 4289 1144 4344 P
1206 4290 1240 4344 26
1259 4287 1322 4355 non]

191 4379 279 4434 neoP
331 4376 412 4433 doceb
430 4379 463 4448 P,
483 4377 631 4447 doeebllij
682 4381 714 4433 27
733 4377 920 4431 confirmamus
939 4377 967 4430 P
1016 4379 1051 4432 28
1069 4375 1198 4446 approbas
1218 4377 1245 4430 P
