<?xml version="1.0" encoding="UTF-8"?>
<!DOCTYPE html PUBLIC "-//W3C//DTD XHTML 1.0 Transitional//EN"
    "http://www.w3.org/TR/xhtml1/DTD/xhtml1-transitional.dtd">
<html xmlns="http://www.w3.org/1999/xhtml" xml:lang="en" lang="en">
 <head>
  <title>
</title>
<meta http-equiv="Content-Type" content="text/html;charset=utf-8" />
  <meta name='ocr-system' content='tesseract 3.04.00' />
  <meta name='ocr-capabilities' content='ocr_page ocr_carea ocr_par ocr_line ocrx_word'/>
</head>
<body>
  <div class='ocr_page' id='page_1' title='image "./praetersermones01fausgoog/praetersermones01fausgoog_0373.png"; bbox 0 0 3222 5144; ppageno 0'>
   <div class='ocr_carea' id='block_1_1' title="bbox 312 501 1006 568">
    <p class='ocr_par' dir='ltr' id='par_1_1' title="bbox 312 501 1006 568">
     <span class='ocr_line' id='line_1_1' title="bbox 312 501 1006 568; baseline 0 -13"><span class='ocrx_word' id='word_1_1' title='bbox 312 503 376 568; x_wconf 79' lang='lat'>286</span> <span class='ocrx_word' id='word_1_2' title='bbox 752 501 813 556; x_wconf 80' lang='lat'>1111</span> <span class='ocrx_word' id='word_1_3' title='bbox 837 502 946 556; x_wconf 87' lang='lat' dir='ltr'>Sermo</span> <span class='ocrx_word' id='word_1_4' title='bbox 966 503 1006 557; x_wconf 88' lang='grc'>16.</span> 
     </span>
    </p>
   </div>
   <div class='ocr_carea' id='block_1_2' title="bbox 261 675 1452 3580">
    <p class='ocr_par' dir='ltr' id='par_1_2' title="bbox 261 675 1452 3580">
     <span class='ocr_line' id='line_1_2' title="bbox 313 675 1450 761; baseline -0.004 -18"><span class='ocrx_word' id='word_1_5' title='bbox 313 681 344 742; x_wconf 97' lang='lat' dir='ltr'>in</span> <span class='ocrx_word' id='word_1_6' title='bbox 372 679 488 742; x_wconf 81' lang='lat' dir='ltr'><strong>horreis</strong></span> <span class='ocrx_word' id='word_1_7' title='bbox 512 679 635 743; x_wconf 86' lang='lat' dir='ltr'>animae</span> <span class='ocrx_word' id='word_1_8' title='bbox 658 697 733 742; x_wconf 90' lang='lat' dir='ltr'>snae</span> <span class='ocrx_word' id='word_1_9' title='bbox 759 678 921 761; x_wconf 87' lang='lat' dir='ltr'>prouidere</span> <span class='ocrx_word' id='word_1_10' title='bbox 948 683 979 740; x_wconf 89' lang='lat' dir='ltr'>et</span> <span class='ocrx_word' id='word_1_11' title='bbox 1002 694 1191 760; x_wconf 87' lang='lat' dir='ltr'>congregare</span> <span class='ocrx_word' id='word_1_12' title='bbox 1214 675 1396 759; x_wconf 80' lang='lat' dir='ltr'>neglexerit,</span> <span class='ocrx_word' id='word_1_13' title='bbox 1418 675 1450 738; x_wconf 94' lang='lat' dir='ltr'>in</span> 
     </span>
     <span class='ocr_line' id='line_1_3' title="bbox 313 777 1400 864; baseline -0.004 -18"><span class='ocrx_word' id='word_1_14' title='bbox 313 787 476 847; x_wconf 88' lang='lat' dir='ltr'>aeternnm</span> <span class='ocrx_word' id='word_1_15' title='bbox 499 783 699 846; x_wconf 86' lang='lat' dir='ltr'>durissimam</span> <span class='ocrx_word' id='word_1_16' title='bbox 723 782 807 846; x_wconf 91' lang='lat' dir='ltr'>sitim</span> <span class='ocrx_word' id='word_1_17' title='bbox 831 785 863 845; x_wconf 88' lang='lat' dir='ltr'>et</span> <span class='ocrx_word' id='word_1_18' title='bbox 885 781 1042 844; x_wconf 75' lang='lat' dir='ltr'>crudelem</span> <span class='ocrx_word' id='word_1_19' title='bbox 1064 781 1201 864; x_wconf 91' lang='lat' dir='ltr'>inopiam</span> <span class='ocrx_word' id='word_1_20' title='bbox 1224 777 1400 843; x_wconf 74' lang='lat' dir='ltr'>sustinebit.</span> 
     </span>
     <span class='ocr_line' id='line_1_4' title="bbox 356 884 1450 967; baseline -0.005 -15"><span class='ocrx_word' id='word_1_21' title='bbox 356 887 537 952; x_wconf 82' lang='lat' dir='ltr'>Certissima</span> <span class='ocrx_word' id='word_1_22' title='bbox 561 889 684 967; x_wconf 88' lang='lat' dir='ltr'>scitote,</span> <span class='ocrx_word' id='word_1_23' title='bbox 713 887 826 950; x_wconf 86' lang='lat' dir='ltr'>tratres</span> <span class='ocrx_word' id='word_1_24' title='bbox 854 885 1022 966; x_wconf 74' lang='lat' dir='ltr'>carissimi,</span> <span class='ocrx_word' id='word_1_25' title='bbox 1050 885 1137 966; x_wconf 88' lang='lat' dir='ltr'>quia,</span> <span class='ocrx_word' id='word_1_26' title='bbox 1165 884 1266 966; x_wconf 90' lang='lat' dir='ltr'>qualis</span> <span class='ocrx_word' id='word_1_27' title='bbox 1295 887 1344 948; x_wconf 90' lang='lat' dir='ltr'>cst</span> <span class='ocrx_word' id='word_1_28' title='bbox 1371 901 1450 962; x_wconf 89' lang='lat' dir='ltr'>caro,</span> 
     </span>
     <span class='ocr_line' id='line_1_5' title="bbox 313 989 1450 1074; baseline -0.004 -19"><span class='ocrx_word' id='word_1_29' title='bbox 313 1009 392 1074; x_wconf 87' lang='lat' dir='ltr'>quac</span> <span class='ocrx_word' id='word_1_30' title='bbox 419 995 491 1074; x_wconf 92' lang='lat' dir='ltr'>post</span> <span class='ocrx_word' id='word_1_31' title='bbox 518 992 632 1056; x_wconf 86' lang='lat' dir='ltr'>multos</span> <span class='ocrx_word' id='word_1_32' title='bbox 660 992 725 1054; x_wconf 86' lang='lat' dir='ltr'>dies</span> <span class='ocrx_word' id='word_1_33' title='bbox 752 990 882 1074; x_wconf 79' lang='lat' dir='ltr'>percipit</span> <span class='ocrx_word' id='word_1_34' title='bbox 909 989 1029 1070; x_wconf 92' lang='lat' dir='ltr'>cibum,</span> <span class='ocrx_word' id='word_1_35' title='bbox 1057 989 1129 1053; x_wconf 89' lang='lat' dir='ltr'>telis</span> <span class='ocrx_word' id='word_1_36' title='bbox 1156 991 1204 1052; x_wconf 87' lang='lat' dir='ltr'>est</span> <span class='ocrx_word' id='word_1_37' title='bbox 1230 989 1345 1068; x_wconf 84' lang='lat' dir='ltr'>anima,</span> <span class='ocrx_word' id='word_1_38' title='bbox 1373 1005 1450 1069; x_wconf 88' lang='lat' dir='ltr'>quae</span> 
     </span>
     <span class='ocr_line' id='line_1_6' title="bbox 273 1091 1449 1178; baseline -0.005 -17"><span class='ocrx_word' id='word_1_39' title='bbox 273 1121 286 1161; x_wconf 81' lang='lat' dir='ltr'>s</span> <span class='ocrx_word' id='word_1_40' title='bbox 313 1115 374 1160; x_wconf 93' lang='lat' dir='ltr'>non</span> <span class='ocrx_word' id='word_1_41' title='bbox 398 1095 525 1160; x_wconf 84' lang='lat' dir='ltr'>adsidue</span> <span class='ocrx_word' id='word_1_42' title='bbox 547 1096 683 1178; x_wconf 87' lang='lat' dir='ltr'>pascitur</span> <span class='ocrx_word' id='word_1_43' title='bbox 706 1095 756 1158; x_wconf 88' lang='lat' dir='ltr'>dei</span> <span class='ocrx_word' id='word_1_44' title='bbox 779 1094 883 1159; x_wconf 89' lang='lat' dir='ltr'>uerbo.</span> <span class='ocrx_word' id='word_1_45' title='bbox 932 1098 963 1158; x_wconf 87' lang='lat' dir='ltr'>et</span> <span class='ocrx_word' id='word_1_46' title='bbox 988 1093 1141 1175; x_wconf 90' lang='lat' dir='ltr'>quomodo</span> <span class='ocrx_word' id='word_1_47' title='bbox 1164 1110 1234 1156; x_wconf 88' lang='lat' dir='ltr'>caro</span> <span class='ocrx_word' id='word_1_48' title='bbox 1257 1111 1312 1175; x_wconf 86' lang='lat' dir='ltr'>per</span> <span class='ocrx_word' id='word_1_49' title='bbox 1334 1091 1449 1156; x_wconf 85' lang='lat' dir='ltr'>famem</span> 
     </span>
     <span class='ocr_line' id='line_1_7' title="bbox 313 1196 1451 1283; baseline -0.004 -19"><span class='ocrx_word' id='word_1_50' title='bbox 313 1205 344 1264; x_wconf 90' lang='lat' dir='ltr'>et</span> <span class='ocrx_word' id='word_1_51' title='bbox 366 1201 501 1283; x_wconf 94' lang='lat' dir='ltr'>inopiam</span> <span class='ocrx_word' id='word_1_52' title='bbox 525 1201 627 1264; x_wconf 89' lang='lat' dir='ltr'>tenuis</span> <span class='ocrx_word' id='word_1_53' title='bbox 644 1204 675 1264; x_wconf 93' lang='lat' dir='ltr'>et</span> <span class='ocrx_word' id='word_1_54' title='bbox 697 1200 779 1264; x_wconf 89' lang='lat' dir='ltr'>sicca</span> <span class='ocrx_word' id='word_1_55' title='bbox 801 1199 888 1262; x_wconf 89' lang='lat' dir='ltr'>uelut</span> <span class='ocrx_word' id='word_1_56' title='bbox 906 1198 1061 1280; x_wconf 84' lang='lat' dir='ltr'>quoddam</span> <span class='ocrx_word' id='word_1_57' title='bbox 1085 1197 1284 1262; x_wconf 86' lang='lat' dir='ltr'>simulacrum</span> <span class='ocrx_word' id='word_1_58' title='bbox 1309 1196 1451 1274; x_wconf 85' lang='lat' dir='ltr'>eflicitur,</span> 
     </span>
     <span class='ocr_line' id='line_1_8' title="bbox 312 1301 1451 1386; baseline -0.004 -17"><span class='ocrx_word' id='word_1_59' title='bbox 312 1305 357 1369; x_wconf 89' lang='lat' dir='ltr'>ita</span> <span class='ocrx_word' id='word_1_60' title='bbox 380 1305 547 1384; x_wconf 85' lang='lat' dir='ltr'>stenima,</span> <span class='ocrx_word' id='word_1_61' title='bbox 576 1305 602 1368; x_wconf 89' lang='lat' dir='ltr'>si</span> <span class='ocrx_word' id='word_1_62' title='bbox 629 1303 717 1369; x_wconf 88' lang='lat' dir='ltr'>uerbi</span> <span class='ocrx_word' id='word_1_63' title='bbox 745 1303 794 1368; x_wconf 92' lang='lat' dir='ltr'>dei</span> <span class='ocrx_word' id='word_1_64' title='bbox 817 1303 886 1367; x_wconf 89' lang='lat' dir='ltr'>cibo</span> <span class='ocrx_word' id='word_1_65' title='bbox 909 1321 971 1367; x_wconf 93' lang='lat' dir='ltr'>non</span> <span class='ocrx_word' id='word_1_66' title='bbox 993 1303 1142 1386; x_wconf 90' lang='lat' dir='ltr'>pascitur,</span> <span class='ocrx_word' id='word_1_67' title='bbox 1170 1301 1256 1366; x_wconf 90' lang='lat' dir='ltr'>arida</span> <span class='ocrx_word' id='word_1_68' title='bbox 1279 1305 1310 1365; x_wconf 90' lang='lat' dir='ltr'>et</span> <span class='ocrx_word' id='word_1_69' title='bbox 1332 1302 1451 1366; x_wconf 91' lang='lat' dir='ltr'>inutilis</span> 
     </span>
     <span class='ocr_line' id='line_1_9' title="bbox 313 1406 1450 1491; baseline -0.003 -19"><span class='ocrx_word' id='word_1_70' title='bbox 313 1413 343 1473; x_wconf 89' lang='lat' dir='ltr'>et</span> <span class='ocrx_word' id='word_1_71' title='bbox 377 1409 416 1472; x_wconf 89' lang='lat' dir='ltr'>ad</span> <span class='ocrx_word' id='word_1_72' title='bbox 447 1409 568 1473; x_wconf 89' lang='lat' dir='ltr'>nullum</span> <span class='ocrx_word' id='word_1_73' title='bbox 602 1427 679 1490; x_wconf 91' lang='lat' dir='ltr'>opus</span> <span class='ocrx_word' id='word_1_74' title='bbox 715 1407 831 1472; x_wconf 91' lang='lat' dir='ltr'>bonum</span> <span class='ocrx_word' id='word_1_75' title='bbox 864 1424 1002 1491; x_wconf 89' lang='lat' dir='ltr'>congrua</span> <span class='ocrx_word' id='word_1_76' title='bbox 1035 1407 1200 1471; x_wconf 90' lang='lat' dir='ltr'>inuenitur.</span> <span class='ocrx_word' id='word_1_77' title='bbox 1247 1406 1450 1485; x_wconf 89' lang='lat' dir='ltr'>considerate,</span> 
     </span>
     <span class='ocr_line' id='line_1_10' title="bbox 313 1511 1451 1592; baseline -0.004 -16"><span class='ocrx_word' id='word_1_78' title='bbox 313 1513 425 1577; x_wconf 87' lang='lat' dir='ltr'>fratres</span> <span class='ocrx_word' id='word_1_79' title='bbox 453 1513 615 1592; x_wconf 88' lang='lat' dir='ltr'>carissimi,</span> <span class='ocrx_word' id='word_1_80' title='bbox 648 1515 679 1576; x_wconf 87' lang='lat' dir='ltr'>et</span> <span class='ocrx_word' id='word_1_81' title='bbox 705 1513 851 1576; x_wconf 89' lang='lat' dir='ltr'>horreum</span> <span class='ocrx_word' id='word_1_82' title='bbox 879 1515 911 1575; x_wconf 91' lang='lat' dir='ltr'>et</span> <span class='ocrx_word' id='word_1_83' title='bbox 936 1511 1088 1575; x_wconf 86' lang='lat' dir='ltr'>canebam</span> <span class='ocrx_word' id='word_1_84' title='bbox 1116 1515 1147 1574; x_wconf 89' lang='lat' dir='ltr'>et</span> <span class='ocrx_word' id='word_1_85' title='bbox 1173 1511 1335 1576; x_wconf 87' lang='lat' dir='ltr'>cellarium</span> <span class='ocrx_word' id='word_1_86' title='bbox 1364 1511 1451 1574; x_wconf 86' lang='lat' dir='ltr'>annis</span> 
     </span>
     <span class='ocr_line' id='line_1_11' title="bbox 262 1614 1449 1700; baseline -0.004 -19"><span class='ocrx_word' id='word_1_87' title='bbox 262 1643 286 1682; x_wconf 83' lang='grc' dir='ltr'>ιο</span> <span class='ocrx_word' id='word_1_88' title='bbox 313 1617 444 1700; x_wconf 90' lang='lat' dir='ltr'>singulis</span> <span class='ocrx_word' id='word_1_89' title='bbox 460 1635 693 1700; x_wconf 74' lang='lat' dir='ltr'>praeparamus</span> <span class='ocrx_word' id='word_1_90' title='bbox 717 1617 797 1680; x_wconf 93' lang='lat' dir='ltr'>unde</span> <span class='ocrx_word' id='word_1_91' title='bbox 814 1633 895 1680; x_wconf 90' lang='lat' dir='ltr'>anno</span> <span class='ocrx_word' id='word_1_92' title='bbox 912 1634 973 1680; x_wconf 95' lang='lat' dir='ltr'>uno</span> <span class='ocrx_word' id='word_1_93' title='bbox 988 1615 1094 1679; x_wconf 90' lang='lat' dir='ltr'>cibum</span> <span class='ocrx_word' id='word_1_94' title='bbox 1113 1614 1228 1679; x_wconf 87' lang='lat' dir='ltr'>habeat</span> <span class='ocrx_word' id='word_1_95' title='bbox 1243 1632 1315 1678; x_wconf 92' lang='lat' dir='ltr'>caro</span> <span class='ocrx_word' id='word_1_96' title='bbox 1332 1619 1449 1680; x_wconf 87' lang='lat' dir='ltr'>nostre:</span> 
     </span>
     <span class='ocr_line' id='line_1_12' title="bbox 311 1720 1450 1803; baseline -0.003 -18"><span class='ocrx_word' id='word_1_97' title='bbox 311 1722 438 1803; x_wconf 83' lang='lat' dir='ltr'>palatie,</span> <span class='ocrx_word' id='word_1_98' title='bbox 459 1725 612 1802; x_wconf 88' lang='lat' dir='ltr'>quantum</span> <span class='ocrx_word' id='word_1_99' title='bbox 628 1721 778 1784; x_wconf 89' lang='lat' dir='ltr'>debemus</span> <span class='ocrx_word' id='word_1_100' title='bbox 798 1721 973 1800; x_wconf 89' lang='lat' dir='ltr'>recondere,</span> <span class='ocrx_word' id='word_1_101' title='bbox 997 1720 1079 1784; x_wconf 91' lang='lat' dir='ltr'>unde</span> <span class='ocrx_word' id='word_1_102' title='bbox 1095 1721 1126 1784; x_wconf 93' lang='lat' dir='ltr'>in</span> <span class='ocrx_word' id='word_1_103' title='bbox 1143 1724 1306 1784; x_wconf 89' lang='lat' dir='ltr'>aeternnm</span> <span class='ocrx_word' id='word_1_104' title='bbox 1328 1722 1450 1782; x_wconf 89' lang='lat' dir='ltr'>susten-</span> 
     </span>
     <span class='ocr_line' id='line_1_13' title="bbox 314 1823 1450 1906; baseline -0.002 -18"><span class='ocrx_word' id='word_1_105' title='bbox 314 1830 396 1889; x_wconf 87' lang='lat' dir='ltr'>tetur</span> <span class='ocrx_word' id='word_1_106' title='bbox 419 1825 524 1889; x_wconf 87' lang='lat' dir='ltr'>enima</span> <span class='ocrx_word' id='word_1_107' title='bbox 546 1827 672 1890; x_wconf 80' lang='lat' dir='ltr'>nostra?</span> <span class='ocrx_word' id='word_1_108' title='bbox 703 1829 735 1888; x_wconf 92' lang='lat' dir='ltr'>et</span> <span class='ocrx_word' id='word_1_109' title='bbox 756 1824 834 1904; x_wconf 89' lang='lat' dir='ltr'>ideo,</span> <span class='ocrx_word' id='word_1_110' title='bbox 859 1825 969 1888; x_wconf 84' lang='lat' dir='ltr'>iratres</span> <span class='ocrx_word' id='word_1_111' title='bbox 993 1824 1154 1904; x_wconf 85' lang='lat' dir='ltr'>carissimi,</span> <span class='ocrx_word' id='word_1_112' title='bbox 1178 1824 1229 1888; x_wconf 93' lang='lat' dir='ltr'>uel</span> <span class='ocrx_word' id='word_1_113' title='bbox 1252 1823 1321 1888; x_wconf 89' lang='lat' dir='ltr'>istis</span> <span class='ocrx_word' id='word_1_114' title='bbox 1344 1823 1450 1906; x_wconf 85' lang='lat' dir='ltr'>paucis</span> 
     </span>
     <span class='ocr_line' id='line_1_14' title="bbox 313 1929 1450 2012; baseline -0.003 -18"><span class='ocrx_word' id='word_1_115' title='bbox 313 1930 421 1994; x_wconf 92' lang='lat' dir='ltr'>diebus</span> <span class='ocrx_word' id='word_1_116' title='bbox 444 1930 592 1994; x_wconf 87' lang='lat' dir='ltr'>recedant</span> <span class='ocrx_word' id='word_1_117' title='bbox 614 1929 826 2012; x_wconf 86' lang='lat' dir='ltr'>inpedimenta</span> <span class='ocrx_word' id='word_1_118' title='bbox 841 1929 959 2010; x_wconf 90' lang='lat' dir='ltr'>mundi,</span> <span class='ocrx_word' id='word_1_119' title='bbox 982 1930 1055 2011; x_wconf 90' lang='lat' dir='ltr'>quia</span> <span class='ocrx_word' id='word_1_120' title='bbox 1070 1929 1240 1992; x_wconf 89' lang='lat' dir='ltr'>secundum</span> <span class='ocrx_word' id='word_1_121' title='bbox 1264 1929 1450 2010; x_wconf 86' lang='lat' dir='ltr'>scripturam</span> 
     </span>
     <span class='ocr_line' id='line_1_15' title="bbox 313 2031 1450 2118; baseline -0.003 -20"><span class='ocrx_word' id='word_1_122' title='bbox 313 2035 429 2098; x_wconf 92' lang='lat' dir='ltr'>multos</span> <span class='ocrx_word' id='word_1_123' title='bbox 456 2035 657 2118; x_wconf 87' lang='lat' dir='ltr'>neglegentes</span> <span class='ocrx_word' id='word_1_124' title='bbox 686 2035 816 2097; x_wconf 89' lang='lat' dir='ltr'>miseros</span> <span class='ocrx_word' id='word_1_125' title='bbox 844 2035 970 2097; x_wconf 89' lang='lat' dir='ltr'>iaciunt.</span> <span class='ocrx_word' id='word_1_126' title='bbox 1016 2033 1140 2096; x_wconf 89' lang='lat' dir='ltr'>recedat</span> <span class='ocrx_word' id='word_1_127' title='bbox 1162 2033 1295 2097; x_wconf 88' lang='lat' dir='ltr'>carnalis</span> <span class='ocrx_word' id='word_1_128' title='bbox 1322 2031 1450 2111; x_wconf 84' lang='lat' dir='ltr'>laetitia,</span> 
     </span>
     <span class='ocr_line' id='line_1_16' title="bbox 262 2136 1451 2221; baseline -0.003 -19"><span class='ocrx_word' id='word_1_129' title='bbox 262 2163 287 2204; x_wconf 79' lang='lat' dir='ltr'>re</span> <span class='ocrx_word' id='word_1_130' title='bbox 313 2138 460 2202; x_wconf 89' lang='lat' dir='ltr'>recedant</span> <span class='ocrx_word' id='word_1_131' title='bbox 482 2139 611 2202; x_wconf 89' lang='lat' dir='ltr'>uenenis</span> <span class='ocrx_word' id='word_1_132' title='bbox 634 2139 727 2221; x_wconf 88' lang='lat' dir='ltr'>plena</span> <span class='ocrx_word' id='word_1_133' title='bbox 750 2139 857 2202; x_wconf 92' lang='lat' dir='ltr'>mundi</span> <span class='ocrx_word' id='word_1_134' title='bbox 879 2138 967 2201; x_wconf 88' lang='lat' dir='ltr'>istius</span> <span class='ocrx_word' id='word_1_135' title='bbox 990 2137 1214 2202; x_wconf 89' lang='lat' dir='ltr'>blandimenta.</span> <span class='ocrx_word' id='word_1_136' title='bbox 1249 2136 1352 2200; x_wconf 89' lang='lat' dir='ltr'>carnis</span> <span class='ocrx_word' id='word_1_137' title='bbox 1375 2153 1451 2219; x_wconf 92' lang='lat' dir='ltr'>gan-</span> 
     </span>
     <span class='ocr_line' id='line_1_17' title="bbox 314 2242 1452 2325; baseline -0.003 -19"><span class='ocrx_word' id='word_1_138' title='bbox 314 2243 365 2306; x_wconf 89' lang='lat' dir='ltr'>dia</span> <span class='ocrx_word' id='word_1_139' title='bbox 381 2243 571 2322; x_wconf 87' lang='lat' dir='ltr'>minuantur,</span> <span class='ocrx_word' id='word_1_140' title='bbox 595 2246 630 2306; x_wconf 89' lang='lat' dir='ltr'>ut</span> <span class='ocrx_word' id='word_1_141' title='bbox 645 2242 766 2306; x_wconf 89' lang='lat' dir='ltr'>animae</span> <span class='ocrx_word' id='word_1_142' title='bbox 782 2243 867 2306; x_wconf 92' lang='lat' dir='ltr'>lucra</span> <span class='ocrx_word' id='word_1_143' title='bbox 884 2242 1060 2324; x_wconf 88' lang='lat' dir='ltr'>spiritaliter</span> <span class='ocrx_word' id='word_1_144' title='bbox 1080 2245 1304 2325; x_wconf 87' lang='lat' dir='ltr'>praeparentur</span> <span class='ocrx_word' id='word_1_145' title='bbox 1326 2244 1452 2324; x_wconf 87' lang='lat' dir='ltr'>propter</span> 
     </span>
     <span class='ocr_line' id='line_1_18' title="bbox 313 2347 1452 2430; baseline 0 -20"><span class='ocrx_word' id='word_1_146' title='bbox 313 2347 399 2428; x_wconf 89' lang='lat' dir='ltr'>illud,</span> <span class='ocrx_word' id='word_1_147' title='bbox 417 2347 498 2429; x_wconf 89' lang='lat' dir='ltr'>quod</span> <span class='ocrx_word' id='word_1_148' title='bbox 514 2347 664 2430; x_wconf 87' lang='lat' dir='ltr'>scriptum</span> <span class='ocrx_word' id='word_1_149' title='bbox 680 2351 743 2411; x_wconf 86' lang='lat' dir='ltr'>est:</span> <span class='ocrx_word' id='word_1_150' title='bbox 767 2365 833 2411; x_wconf 88' lang='lat' dir='ltr'>uae</span> <span class='ocrx_word' id='word_1_151' title='bbox 850 2347 971 2426; x_wconf 80' lang='lat' dir='ltr'>nobie,</span> <span class='ocrx_word' id='word_1_152' title='bbox 995 2348 1054 2428; x_wconf 92' lang='lat' dir='ltr'>qui</span> <span class='ocrx_word' id='word_1_153' title='bbox 1077 2347 1208 2410; x_wconf 89' lang='lat' dir='ltr'>ridetis</span> <span class='ocrx_word' id='word_1_154' title='bbox 1232 2365 1342 2427; x_wconf 90' lang='lat' dir='ltr'>nnnc,</span> <span class='ocrx_word' id='word_1_155' title='bbox 1366 2347 1452 2428; x_wconf 87' lang='lat' dir='ltr'>quia</span> 
     </span>
     <span class='ocr_line' id='line_1_19' title="bbox 314 2450 1451 2536; baseline -0.002 -20"><span class='ocrx_word' id='word_1_156' title='bbox 314 2450 494 2536; x_wconf 87' lang='lat' dir='ltr'>lugebitis</span> <span class='ocrx_word' id='word_1_157' title='bbox 519 2455 554 2516; x_wconf 87' lang='lat' dir='ltr'>ct</span> <span class='ocrx_word' id='word_1_158' title='bbox 577 2451 737 2532; x_wconf 79' lang='lat' dir='ltr'>fictitie,</span> <span class='ocrx_word' id='word_1_159' title='bbox 766 2455 798 2515; x_wconf 92' lang='lat' dir='ltr'>et</span> <span class='ocrx_word' id='word_1_160' title='bbox 819 2451 909 2514; x_wconf 90' lang='lat' dir='ltr'>illud:</span> <span class='ocrx_word' id='word_1_161' title='bbox 940 2451 1052 2530; x_wconf 86' lang='lat' dir='ltr'>beati,</span> <span class='ocrx_word' id='word_1_162' title='bbox 1083 2452 1145 2532; x_wconf 91' lang='lat' dir='ltr'>qui</span> <span class='ocrx_word' id='word_1_163' title='bbox 1166 2451 1313 2535; x_wconf 89' lang='lat' dir='ltr'>lugent,</span> <span class='ocrx_word' id='word_1_164' title='bbox 1341 2469 1451 2532; x_wconf 90' lang='lat' dir='ltr'>qnon-</span> 
     </span>
     <span class='ocr_line' id='line_1_20' title="bbox 314 2554 1452 2639; baseline -0.002 -19"><span class='ocrx_word' id='word_1_165' title='bbox 314 2557 384 2620; x_wconf 87' lang='lat' dir='ltr'>iam</span> <span class='ocrx_word' id='word_1_166' title='bbox 415 2556 487 2639; x_wconf 90' lang='lat' dir='ltr'>ipsi</span> <span class='ocrx_word' id='word_1_167' title='bbox 518 2555 822 2620; x_wconf 88' lang='lat' dir='ltr'>consolabuntur.</span> <span class='ocrx_word' id='word_1_168' title='bbox 859 2559 992 2637; x_wconf 88' lang='lat' dir='ltr'>tompus,</span> <span class='ocrx_word' id='word_1_169' title='bbox 1023 2554 1105 2637; x_wconf 92' lang='lat' dir='ltr'>quod</span> <span class='ocrx_word' id='word_1_170' title='bbox 1129 2555 1218 2619; x_wconf 91' lang='lat' dir='ltr'>nobis</span> <span class='ocrx_word' id='word_1_171' title='bbox 1242 2555 1377 2619; x_wconf 85' lang='lat' dir='ltr'>furiosus</span> <span class='ocrx_word' id='word_1_172' title='bbox 1406 2559 1452 2618; x_wconf 86' lang='lat' dir='ltr'>ta·</span> 
     </span>
     <span class='ocr_line' id='line_1_21' title="bbox 261 2659 1451 2743; baseline -0.004 -15"><span class='ocrx_word' id='word_1_173' title='bbox 261 2689 287 2728; x_wconf 77' lang='lat' dir='ltr'>so</span> <span class='ocrx_word' id='word_1_174' title='bbox 315 2661 407 2725; x_wconf 79' lang='lat' dir='ltr'>bulso</span> <span class='ocrx_word' id='word_1_175' title='bbox 430 2661 521 2724; x_wconf 87' lang='lat' dir='ltr'>ludus</span> <span class='ocrx_word' id='word_1_176' title='bbox 546 2659 667 2724; x_wconf 88' lang='lat' dir='ltr'>solebat</span> <span class='ocrx_word' id='word_1_177' title='bbox 689 2661 821 2739; x_wconf 86' lang='lat' dir='ltr'>auferre,</span> <span class='ocrx_word' id='word_1_178' title='bbox 849 2660 939 2723; x_wconf 87' lang='lat' dir='ltr'>lectio</span> <span class='ocrx_word' id='word_1_179' title='bbox 963 2659 1068 2722; x_wconf 91' lang='lat' dir='ltr'>diuina</span> <span class='ocrx_word' id='word_1_180' title='bbox 1095 2660 1222 2742; x_wconf 90' lang='lat' dir='ltr'>incipiat</span> <span class='ocrx_word' id='word_1_181' title='bbox 1244 2677 1397 2743; x_wconf 88' lang='lat' dir='ltr'>occupare</span> <span class='ocrx_word' id='word_1_182' title='bbox 1421 2663 1451 2723; x_wconf 89' lang='lat' dir='ltr'>et</span> 
     </span>
     <span class='ocr_line' id='line_1_22' title="bbox 313 2764 1450 2830; baseline -0.002 -1"><span class='ocrx_word' id='word_1_183' title='bbox 313 2766 427 2830; x_wconf 86' lang='lat' dir='ltr'>odiosis</span> <span class='ocrx_word' id='word_1_184' title='bbox 454 2765 568 2829; x_wconf 82' lang='lat' dir='ltr'>tabulis</span> <span class='ocrx_word' id='word_1_185' title='bbox 592 2769 623 2828; x_wconf 88' lang='lat' dir='ltr'>et</span> <span class='ocrx_word' id='word_1_186' title='bbox 646 2765 840 2828; x_wconf 90' lang='lat' dir='ltr'>mordacibus</span> <span class='ocrx_word' id='word_1_187' title='bbox 864 2765 938 2828; x_wconf 90' lang='lat' dir='ltr'>iocis</span> <span class='ocrx_word' id='word_1_188' title='bbox 961 2782 997 2827; x_wconf 90' lang='lat' dir='ltr'>ac</span> <span class='ocrx_word' id='word_1_189' title='bbox 1020 2764 1263 2829; x_wconf 87' lang='lat' dir='ltr'>detractionibus</span> <span class='ocrx_word' id='word_1_190' title='bbox 1286 2765 1450 2828; x_wconf 88' lang='lat' dir='ltr'>uenenatis</span> 
     </span>
     <span class='ocr_line' id='line_1_23' title="bbox 314 2868 1449 2953; baseline -0.001 -20"><span class='ocrx_word' id='word_1_191' title='bbox 314 2870 449 2952; x_wconf 91' lang='lat' dir='ltr'>alloquia</span> <span class='ocrx_word' id='word_1_192' title='bbox 476 2870 513 2934; x_wconf 94' lang='lat' dir='ltr'>de</span> <span class='ocrx_word' id='word_1_193' title='bbox 537 2869 699 2953; x_wconf 89' lang='lat' dir='ltr'>scripturis</span> <span class='ocrx_word' id='word_1_194' title='bbox 723 2869 839 2933; x_wconf 87' lang='lat' dir='ltr'>sanctis</span> <span class='ocrx_word' id='word_1_195' title='bbox 870 2868 1044 2932; x_wconf 83' lang='lat' dir='ltr'>succedant.</span> <span class='ocrx_word' id='word_1_196' title='bbox 1076 2869 1237 2932; x_wconf 78' lang='lat' dir='ltr'>bererum</span> <span class='ocrx_word' id='word_1_197' title='bbox 1267 2869 1388 2951; x_wconf 88' lang='lat' dir='ltr'>spatiis,</span> <span class='ocrx_word' id='word_1_198' title='bbox 1420 2869 1449 2932; x_wconf 93' lang='lat' dir='ltr'>in</span> 
     </span>
     <span class='ocr_line' id='line_1_24' title="bbox 314 2971 1449 3056; baseline -0.001 -19"><span class='ocrx_word' id='word_1_199' title='bbox 314 2975 426 3056; x_wconf 90' lang='lat' dir='ltr'>quibus</span> <span class='ocrx_word' id='word_1_200' title='bbox 456 2971 676 3038; x_wconf 79' lang='lat' dir='ltr'>donationibus</span> <span class='ocrx_word' id='word_1_201' title='bbox 707 2972 885 3038; x_wconf 88' lang='lat' dir='ltr'>solebamus</span> <span class='ocrx_word' id='word_1_202' title='bbox 915 2991 986 3036; x_wconf 92' lang='lat' dir='ltr'>cum</span> <span class='ocrx_word' id='word_1_203' title='bbox 1017 2973 1130 3037; x_wconf 89' lang='lat' dir='ltr'>damno</span> <span class='ocrx_word' id='word_1_204' title='bbox 1159 2973 1281 3037; x_wconf 90' lang='lat' dir='ltr'>animae</span> <span class='ocrx_word' id='word_1_205' title='bbox 1308 2973 1449 3052; x_wconf 87' lang='lat' dir='ltr'>detineri,</span> 
     </span>
     <span class='ocr_line' id='line_1_25' title="bbox 313 3077 1448 3162; baseline -0.001 -21"><span class='ocrx_word' id='word_1_206' title='bbox 313 3079 481 3141; x_wconf 87' lang='lat' dir='ltr'>uisitentur</span> <span class='ocrx_word' id='word_1_207' title='bbox 508 3077 637 3157; x_wconf 90' lang='lat' dir='ltr'>infirmi,</span> <span class='ocrx_word' id='word_1_208' title='bbox 664 3078 861 3160; x_wconf 89' lang='lat' dir='ltr'>requirantur</span> <span class='ocrx_word' id='word_1_209' title='bbox 887 3077 919 3140; x_wconf 91' lang='lat' dir='ltr'>in</span> <span class='ocrx_word' id='word_1_210' title='bbox 947 3095 1068 3141; x_wconf 85' lang='lat' dir='ltr'>carcere</span> <span class='ocrx_word' id='word_1_211' title='bbox 1096 3077 1267 3158; x_wconf 86' lang='lat' dir='ltr'>constituti,</span> <span class='ocrx_word' id='word_1_212' title='bbox 1294 3077 1448 3162; x_wconf 88' lang='lat' dir='ltr'>peregrini</span> 
     </span>
     <span class='ocr_line' id='line_1_26' title="bbox 262 3181 1249 3264; baseline -0.002 -18"><span class='ocrx_word' id='word_1_213' title='bbox 262 3207 288 3246; x_wconf 78' lang='lat'>2⁵</span> <span class='ocrx_word' id='word_1_214' title='bbox 314 3182 523 3264; x_wconf 89' lang='lat' dir='ltr'>suscipiantur·</span> <span class='ocrx_word' id='word_1_215' title='bbox 546 3185 577 3246; x_wconf 89' lang='lat' dir='ltr'>et</span> <span class='ocrx_word' id='word_1_216' title='bbox 599 3181 754 3246; x_wconf 88' lang='lat' dir='ltr'>discordes</span> <span class='ocrx_word' id='word_1_217' title='bbox 777 3182 816 3245; x_wconf 87' lang='lat' dir='ltr'>ad</span> <span class='ocrx_word' id='word_1_218' title='bbox 840 3181 1034 3246; x_wconf 92' lang='lat' dir='ltr'>concordiam</span> <span class='ocrx_word' id='word_1_219' title='bbox 1056 3185 1249 3246; x_wconf 87' lang='lat' dir='ltr'>reuocentur.</span> 
     </span>
     <span class='ocr_line' id='line_1_27' title="bbox 356 3285 1449 3368; baseline 0.002 -20"><span class='ocrx_word' id='word_1_220' title='bbox 356 3285 443 3349; x_wconf 89' lang='lat' dir='ltr'>Haec</span> <span class='ocrx_word' id='word_1_221' title='bbox 460 3286 486 3348; x_wconf 90' lang='lat' dir='ltr'>si</span> <span class='ocrx_word' id='word_1_222' title='bbox 506 3286 666 3365; x_wconf 86' lang='lat' dir='ltr'>faciamus,</span> <span class='ocrx_word' id='word_1_223' title='bbox 691 3287 813 3366; x_wconf 87' lang='lat' dir='ltr'>iratres,</span> <span class='ocrx_word' id='word_1_224' title='bbox 836 3286 907 3348; x_wconf 89' lang='lat' dir='ltr'>inde</span> <span class='ocrx_word' id='word_1_225' title='bbox 928 3285 1017 3349; x_wconf 90' lang='lat' dir='ltr'>nobis</span> <span class='ocrx_word' id='word_1_226' title='bbox 1040 3303 1149 3368; x_wconf 87' lang='lat' dir='ltr'>parare</span> <span class='ocrx_word' id='word_1_227' title='bbox 1173 3287 1329 3368; x_wconf 88' lang='lat' dir='ltr'>possimus</span> <span class='ocrx_word' id='word_1_228' title='bbox 1354 3285 1449 3350; x_wconf 90' lang='lat' dir='ltr'>medi-</span> 
     </span>
     <span class='ocr_line' id='line_1_28' title="bbox 314 3389 1448 3469; baseline 0.001 -17"><span class='ocrx_word' id='word_1_229' title='bbox 314 3393 468 3469; x_wconf 87' lang='lat' dir='ltr'>camenta,</span> <span class='ocrx_word' id='word_1_230' title='bbox 491 3390 573 3453; x_wconf 91' lang='lat' dir='ltr'>unde</span> <span class='ocrx_word' id='word_1_231' title='bbox 594 3390 683 3453; x_wconf 89' lang='lat' dir='ltr'>nobis</span> <span class='ocrx_word' id='word_1_232' title='bbox 704 3391 833 3454; x_wconf 89' lang='lat' dir='ltr'>uulnera</span> <span class='ocrx_word' id='word_1_233' title='bbox 853 3390 1035 3454; x_wconf 86' lang='lat' dir='ltr'>leceramus.</span> <span class='ocrx_word' id='word_1_234' title='bbox 1075 3393 1146 3454; x_wconf 88' lang='lat' dir='ltr'>ante</span> <span class='ocrx_word' id='word_1_235' title='bbox 1169 3391 1275 3454; x_wconf 90' lang='lat' dir='ltr'>omnia</span> <span class='ocrx_word' id='word_1_236' title='bbox 1293 3390 1325 3454; x_wconf 92' lang='lat' dir='ltr'>in</span> <span class='ocrx_word' id='word_1_237' title='bbox 1341 3389 1448 3454; x_wconf 87' lang='lat' dir='ltr'>diebus</span> 
     </span>
     <span class='ocr_line' id='line_1_29' title="bbox 314 3493 1448 3580; baseline 0.002 -24"><span class='ocrx_word' id='word_1_238' title='bbox 314 3493 514 3574; x_wconf 88' lang='lat' dir='ltr'>ieiuniorum,</span> <span class='ocrx_word' id='word_1_239' title='bbox 545 3495 628 3575; x_wconf 91' lang='lat' dir='ltr'>quod</span> <span class='ocrx_word' id='word_1_240' title='bbox 657 3495 808 3577; x_wconf 90' lang='lat' dir='ltr'>prandere</span> <span class='ocrx_word' id='word_1_241' title='bbox 839 3493 1031 3576; x_wconf 89' lang='lat' dir='ltr'>solebamus,</span> <span class='ocrx_word' id='word_1_242' title='bbox 1057 3495 1245 3578; x_wconf 89' lang='lat' dir='ltr'>pauperibus</span> <span class='ocrx_word' id='word_1_243' title='bbox 1276 3513 1448 3580; x_wconf 75' lang='lat' dir='ltr'>erogemus</span> 
     </span>
    </p>
   </div>
   <div class='ocr_carea' id='block_1_3' title="bbox 421 3700 924 3772">
    <p class='ocr_par' dir='ltr' id='par_1_3' title="bbox 421 3700 924 3772">
     <span class='ocr_line' id='line_1_30' title="bbox 421 3700 924 3772; baseline 0 -15"><span class='ocrx_word' id='word_1_244' title='bbox 421 3702 464 3770; x_wconf 81' lang='lat'>17]</span> <span class='ocrx_word' id='word_1_245' title='bbox 483 3700 545 3756; x_wconf 83' lang='lat' dir='ltr'>Luc.</span> <span class='ocrx_word' id='word_1_246' title='bbox 559 3705 583 3766; x_wconf 83' lang='grc'>6,</span> <span class='ocrx_word' id='word_1_247' title='bbox 597 3705 637 3758; x_wconf 86' lang='grc'>25.</span> <span class='ocrx_word' id='word_1_248' title='bbox 693 3703 734 3772; x_wconf 89' lang='grc'>18]</span> <span class='ocrx_word' id='word_1_249' title='bbox 754 3703 849 3758; x_wconf 85' lang='lat' dir='ltr'>Matth.</span> <span class='ocrx_word' id='word_1_250' title='bbox 863 3707 887 3768; x_wconf 85' lang='lat'>5,</span> <span class='ocrx_word' id='word_1_251' title='bbox 900 3707 924 3760; x_wconf 81' lang='lat'>5.</span> 
     </span>
    </p>
   </div>
   <div class='ocr_carea' id='block_1_4' title="bbox 314 3902 1448 4412">
    <p class='ocr_par' dir='ltr' id='par_1_4' title="bbox 314 3902 1448 4412">
     <span class='ocr_line' id='line_1_31' title="bbox 360 3902 1446 3962; baseline 0.002 -4"><span class='ocrx_word' id='word_1_252' title='bbox 360 3902 477 3958; x_wconf 87' lang='lat' dir='ltr'>lorreis</span> <span class='ocrx_word' id='word_1_253' title='bbox 500 3902 530 3958; x_wconf 89' lang='lat' dir='ltr'><em>D</em></span> <span class='ocrx_word' id='word_1_254' title='bbox 599 3903 767 3958; x_wconf 67' lang='lat' dir='ltr'>terudilem</span> <span class='ocrx_word' id='word_1_255' title='bbox 790 3904 820 3959; x_wconf 89' lang='lat' dir='ltr'><em>D</em></span> <span class='ocrx_word' id='word_1_256' title='bbox 889 3904 1007 3960; x_wconf 86' lang='lat' dir='ltr'>6uelud</span> <span class='ocrx_word' id='word_1_257' title='bbox 1026 3905 1056 3960; x_wconf 90' lang='lat' dir='ltr'><em>D</em></span> <span class='ocrx_word' id='word_1_258' title='bbox 1125 3905 1182 3960; x_wconf 82' lang='lat' dir='ltr'>ssi</span> <span class='ocrx_word' id='word_1_259' title='bbox 1201 3913 1263 3962; x_wconf 80' lang='lat' dir='ltr'>ante</span> <span class='ocrx_word' id='word_1_260' title='bbox 1281 3909 1308 3959; x_wconf 89' lang='lat' dir='ltr'>et</span> <span class='ocrx_word' id='word_1_261' title='bbox 1325 3905 1446 3960; x_wconf 86' lang='lat' dir='ltr'>horreum</span> 
     </span>
     <span class='ocr_line' id='line_1_32' title="bbox 314 3990 1446 4064; baseline 0.002 -20"><span class='ocrx_word' id='word_1_262' title='bbox 314 3990 378 4044; x_wconf 86' lang='lat' dir='ltr'>odd.</span> <span class='ocrx_word' id='word_1_263' title='bbox 397 3993 468 4060; x_wconf 79' lang='lat' dir='ltr'>Aop.</span> <span class='ocrx_word' id='word_1_264' title='bbox 522 3992 599 4044; x_wconf 80' lang='lat' dir='ltr'>orreai</span> <span class='ocrx_word' id='word_1_265' title='bbox 617 3991 646 4044; x_wconf 90' lang='lat' dir='ltr'><em>D</em></span> <span class='ocrx_word' id='word_1_266' title='bbox 698 4006 826 4044; x_wconf 82' lang='lat' dir='ltr'>canadam</span> <span class='ocrx_word' id='word_1_267' title='bbox 845 3991 925 4060; x_wconf 72' lang='lat' dir='ltr'>Aug,</span> <span class='ocrx_word' id='word_1_268' title='bbox 945 4008 1005 4045; x_wconf 89' lang='lat' dir='ltr'>cera</span> <span class='ocrx_word' id='word_1_269' title='bbox 1021 3991 1083 4046; x_wconf 86' lang='lat' dir='ltr'>bam</span> <span class='ocrx_word' id='word_1_270' title='bbox 1100 3994 1129 4047; x_wconf 90' lang='lat' dir='ltr'><em>D</em></span> <span class='ocrx_word' id='word_1_271' title='bbox 1183 3995 1215 4048; x_wconf 90' lang='lat'>10</span> <span class='ocrx_word' id='word_1_272' title='bbox 1232 3992 1365 4062; x_wconf 88' lang='lat' dir='ltr'>replemus</span> <span class='ocrx_word' id='word_1_273' title='bbox 1377 3997 1446 4064; x_wconf 79' lang='lat' dir='ltr'>Aop.</span> 
     </span>
     <span class='ocr_line' id='line_1_33' title="bbox 317 4077 1448 4148; baseline 0.006 -18"><span class='ocrx_word' id='word_1_274' title='bbox 317 4079 348 4130; x_wconf 88' lang='grc'>16</span> <span class='ocrx_word' id='word_1_275' title='bbox 367 4077 524 4130; x_wconf 92' lang='lat' dir='ltr'>minuuntur</span> <span class='ocrx_word' id='word_1_276' title='bbox 542 4079 571 4131; x_wconf 93' lang='lat' dir='ltr'><em>D</em></span> <span class='ocrx_word' id='word_1_277' title='bbox 640 4077 770 4146; x_wconf 83' lang='lat' dir='ltr'>spiritalia</span> <span class='ocrx_word' id='word_1_278' title='bbox 787 4078 859 4148; x_wconf 76' lang='lat' dir='ltr'>Aug.</span> <span class='ocrx_word' id='word_1_279' title='bbox 930 4078 1101 4148; x_wconf 66' lang='lat' dir='ltr'>piparlllfeutur</span> <span class='ocrx_word' id='word_1_280' title='bbox 1123 4079 1153 4134; x_wconf 89' lang='lat' dir='ltr'><em>D</em></span> <span class='ocrx_word' id='word_1_281' title='bbox 1174 4080 1242 4146; x_wconf 78' lang='lat' dir='ltr'>(crat</span> <span class='ocrx_word' id='word_1_282' title='bbox 1264 4080 1309 4134; x_wconf 79' lang='lat' dir='ltr'>auu</span> <span class='ocrx_word' id='word_1_283' title='bbox 1332 4083 1363 4136; x_wconf 77' lang='lat' dir='ltr'>in</span> <span class='ocrx_word' id='word_1_284' title='bbox 1384 4081 1448 4146; x_wconf 84' lang='lat' dir='ltr'>ros.)</span> 
     </span>
     <span class='ocr_line' id='line_1_34' title="bbox 317 4163 1446 4238; baseline 0.002 -20"><span class='ocrx_word' id='word_1_285' title='bbox 317 4165 347 4218; x_wconf 82' lang='lat'>17</span> <span class='ocrx_word' id='word_1_286' title='bbox 367 4179 399 4216; x_wconf 88' lang='lat' dir='ltr'>ue</span> <span class='ocrx_word' id='word_1_287' title='bbox 417 4165 446 4217; x_wconf 92' lang='lat' dir='ltr'><em>D</em></span> <span class='ocrx_word' id='word_1_288' title='bbox 516 4163 580 4232; x_wconf 88' lang='lat' dir='ltr'>qnid</span> <span class='ocrx_word' id='word_1_289' title='bbox 600 4165 628 4218; x_wconf 92' lang='lat' dir='ltr'><em>D</em></span> <span class='ocrx_word' id='word_1_290' title='bbox 699 4167 730 4222; x_wconf 90' lang='lat'>18</span> <span class='ocrx_word' id='word_1_291' title='bbox 748 4165 856 4233; x_wconf 88' lang='lat' dir='ltr'>lugiunt</span> <span class='ocrx_word' id='word_1_292' title='bbox 878 4166 907 4220; x_wconf 92' lang='lat' dir='ltr'><em>D</em></span> <span class='ocrx_word' id='word_1_293' title='bbox 977 4169 1011 4222; x_wconf 90' lang='grc'>20</span> <span class='ocrx_word' id='word_1_294' title='bbox 1033 4171 1060 4220; x_wconf 90' lang='lat' dir='ltr'>et</span> <span class='ocrx_word' id='word_1_295' title='bbox 1077 4169 1184 4237; x_wconf 70' lang='lat' dir='ltr'>scripsi,</span> <span class='ocrx_word' id='word_1_296' title='bbox 1205 4171 1236 4220; x_wconf 91' lang='lat' dir='ltr'>ut</span> <span class='ocrx_word' id='word_1_297' title='bbox 1253 4168 1292 4238; x_wconf 84' lang='lat' dir='ltr'>D,</span> <span class='ocrx_word' id='word_1_298' title='bbox 1314 4171 1446 4238; x_wconf 56' lang='lat' dir='ltr'>omilim.</span> 
     </span>
     <span class='ocr_line' id='line_1_35' title="bbox 315 4247 1447 4322; baseline 0.004 -18"><span class='ocrx_word' id='word_1_299' title='bbox 315 4249 347 4304; x_wconf 90' lang='grc'>21</span> <span class='ocrx_word' id='word_1_300' title='bbox 367 4247 464 4302; x_wconf 86' lang='lat' dir='ltr'>odiosis</span> <span class='ocrx_word' id='word_1_301' title='bbox 482 4267 515 4304; x_wconf 81' lang='lat' dir='ltr'>ea·</span> <span class='ocrx_word' id='word_1_302' title='bbox 533 4250 639 4304; x_wconf 90' lang='lat' dir='ltr'>odiosus</span> <span class='ocrx_word' id='word_1_303' title='bbox 658 4253 694 4319; x_wconf 92' lang='lat' dir='ltr'>D,</span> <span class='ocrx_word' id='word_1_304' title='bbox 713 4251 805 4305; x_wconf 86' lang='lat' dir='ltr'>otiosis</span> <span class='ocrx_word' id='word_1_305' title='bbox 824 4253 895 4322; x_wconf 75' lang='lat' dir='ltr'>Aug.</span> <span class='ocrx_word' id='word_1_306' title='bbox 954 4253 1131 4308; x_wconf 84' lang='lat' dir='ltr'>mordiacibus</span> <span class='ocrx_word' id='word_1_307' title='bbox 1149 4255 1179 4309; x_wconf 92' lang='lat' dir='ltr'><em>D</em></span> <span class='ocrx_word' id='word_1_308' title='bbox 1240 4254 1447 4310; x_wconf 81' lang='lat' dir='ltr'>detractionibus</span> 
     </span>
     <span class='ocr_line' id='line_1_36' title="bbox 316 4335 1448 4412; baseline 0.006 -22"><span class='ocrx_word' id='word_1_309' title='bbox 316 4336 397 4406; x_wconf 75' lang='lat' dir='ltr'>Aug,</span> <span class='ocrx_word' id='word_1_310' title='bbox 416 4335 654 4392; x_wconf 87' lang='lat' dir='ltr'>detractationibus</span> <span class='ocrx_word' id='word_1_311' title='bbox 667 4340 696 4394; x_wconf 92' lang='lat' dir='ltr'><em>D</em></span> <span class='ocrx_word' id='word_1_312' title='bbox 749 4341 783 4395; x_wconf 87' lang='grc'>22</span> <span class='ocrx_word' id='word_1_313' title='bbox 801 4339 932 4408; x_wconf 84' lang='lat' dir='ltr'>colloquia</span> <span class='ocrx_word' id='word_1_314' title='bbox 944 4343 1015 4411; x_wconf 69' lang='lat' dir='ltr'>Aug.</span> <span class='ocrx_word' id='word_1_315' title='bbox 1069 4341 1194 4411; x_wconf 83' lang='lat' dir='ltr'>spatisD</span> <span class='ocrx_word' id='word_1_316' title='bbox 1245 4344 1280 4398; x_wconf 86' lang='grc'>23</span> <span class='ocrx_word' id='word_1_317' title='bbox 1293 4341 1448 4412; x_wconf 87' lang='lat' dir='ltr'>dampnoD</span> 
     </span>
    </p>
   </div>
   <div class='ocr_carea' id='block_1_5' title="bbox 316 4422 1448 4526">
    <p class='ocr_par' dir='ltr' id='par_1_5' title="bbox 316 4422 1448 4526">
     <span class='ocr_line' id='line_1_37' title="bbox 316 4422 1448 4526; baseline 0.007 -24"><span class='ocrx_word' id='word_1_318' title='bbox 316 4447 432 4502; x_wconf 85' lang='lat' dir='ltr'>detonari</span> <span class='ocrx_word' id='word_1_319' title='bbox 445 4465 477 4504; x_wconf 79' lang='lat' dir='ltr'>ex</span> <span class='ocrx_word' id='word_1_320' title='bbox 490 4448 601 4503; x_wconf 82' lang='lat' dir='ltr'>dotcrari</span> <span class='ocrx_word' id='word_1_321' title='bbox 614 4452 644 4506; x_wconf 92' lang='lat' dir='ltr'><em>D</em></span> <span class='ocrx_word' id='word_1_322' title='bbox 697 4455 729 4507; x_wconf 79' lang='grc'>27</span> <span class='ocrx_word' id='word_1_323' title='bbox 744 4451 932 4508; x_wconf 84' lang='lat' dir='ltr'>laceramusD</span> <span class='ocrx_word' id='word_1_324' title='bbox 985 4457 1018 4509; x_wconf 87' lang='grc'>28</span> <span class='ocrx_word' id='word_1_325' title='bbox 1031 4422 1222 4510; x_wconf 64' lang='grc' dir='ltr'>οοΙοοέιουοΙ)</span> <span class='ocrx_word' id='word_1_326' title='bbox 1267 4455 1448 4526; x_wconf 85' lang='lat' dir='ltr'>erogamusD</span> 
     </span>
    </p>
   </div>
   <div class='ocr_carea' id='block_1_6' title="bbox 0 0 1616 5144">
    <p class='ocr_par' dir='ltr' id='par_1_6' title="bbox 0 0 1616 5144">
     <span class='ocr_line' id='line_1_38' title="bbox 0 0 1616 5144; baseline 0 0"><span class='ocrx_word' id='word_1_327' title='bbox 0 0 1616 5144; x_wconf 95' lang='lat' dir='ltr'> </span> 
     </span>
    </p>
   </div>
  </div>
 </body>
</html>
