3320 5140
672 486 916 554 Prolegomena.
1252 487 1363 540 LXXIX

222 659 368 724 librarius
401 661 515 726 codicis
547 660 567 726 S
597 662 697 744 primo
729 683 882 726 reuersus
912 661 1065 725 sumsisse
1096 663 1128 744 (i.
1153 683 1177 726 e.
1202 665 1364 745 reuersae)

222 765 386 846 scripsisse
402 765 535 830 uidetur.
551 802 593 812 —
609 785 639 849 p.
655 765 730 846 411,
747 764 765 827 'l
782 767 904 831 malim:
927 766 957 829 ei
978 765 1128 829 dominae
1146 766 1227 852 piae
1250 766 1363 851 defici-

222 867 307 930 tioai
329 877 485 932 aoetrae
502 870 646 955 (uestrae
662 871 770 953 codex)
786 868 953 934 trituotar
960 869 1094 955 factor.
1119 909 1160 917 —
1183 892 1213 955 p.
1230 869 1304 953 425,
1322 869 1362 934 18

222 971 360 1037 dubitari
389 974 508 1056 nequit,
539 975 614 1057 quin
637 973 838 1060 perfectioni
861 993 916 1058 pro
935 974 1137 1060 profectioni
1164 977 1363 1041 scribendum

222 1077 275 1157 sit,
305 1077 343 1141 ci.
369 1083 553 1160 sequentem
583 1097 692 1144 uocem
723 1077 920 1164 incipientia
949 1083 981 1144 et
1007 1100 1036 1164 p.
1058 1078 1174 1162 abac
1201 1079 1363 1165 adquam

223 1201 289 1242 rem
317 1202 370 1266 epo
392 1180 674 1266 perfectiorem
702 1191 791 1245 taam
817 1204 881 1246 aaa
903 1183 1111 1269 iquororatiae
1133 1183 1219 1247 citio
1236 1231 1243 1248 .
1261 1235 1268 1248 .
1286 1231 1294 1248 .
1310 1207 1362 1247 ar·

224 1283 331 1346 bitror
348 1283 554 1350 descendisse.
578 1324 621 1332 —
643 1292 727 1352 recte
743 1288 875 1352 fortasse
891 1287 1067 1352 Krasehius
1082 1309 1112 1373 p.
1129 1287 1203 1370 432,
1222 1289 1237 1350 1
1260 1289 1363 1375 caepit

221 1389 333 1451 malai
360 1390 481 1453 amoris
508 1389 641 1477 affectae
658 1439 665 1453 .
683 1438 690 1452 .
709 1438 716 1454 .
735 1389 860 1455 litterae
885 1391 1059 1470 destinare,
1088 1392 1216 1456 etiamsi
1243 1414 1308 1456 aaa
1331 1414 1363 1456 aa

222 1494 347 1556 occasio
363 1504 529 1578 oportaao
539 1495 767 1581 porriqeret
783 1495 892 1579 (codor
902 1495 1102 1582 porregerit)
1119 1498 1265 1578 restituit,
1288 1517 1363 1562 nam

222 1599 334 1662 eodem
361 1599 453 1681 plane
477 1601 568 1664 modo
591 1600 811 1683 imperfectum
839 1603 963 1682 tempus
987 1605 1088 1666 exstat
1109 1621 1139 1685 p.
1157 1599 1231 1683 383,
1247 1601 1289 1664 26
1316 1602 1362 1664 ia-

222 1702 373 1786 ripaaiie,
408 1711 459 1779 at,
490 1701 665 1787 quamlibet
694 1702 792 1767 malla
822 1725 958 1768 manera
985 1705 1239 1790 perciperem,
1267 1727 1362 1790 prae-

221 1807 360 1868 sentiam
389 1816 533 1870 cestram
559 1807 744 1892 possideam
775 1812 806 1874 et
828 1831 857 1892 p.
875 1807 949 1890 393,
968 1807 1008 1872 10
1035 1809 1211 1893 quamlibet
1234 1809 1363 1874 litterae

221 1933 288 1972 aaa
306 1911 561 1996 perciperem,
593 1921 697 1976 tamea
724 1913 782 1976 irae
811 1911 856 1975 ad
882 1933 940 1975 aaa
970 1912 1089 1976 direci.
1128 1933 1207 1997 quae
1231 1917 1363 1979 sirecte

223 2035 258 2080 se
293 2015 420 2096 habeut,
455 2017 550 2080 etiam
584 2017 681 2082 altero
716 2019 782 2082 loco
816 2018 930 2081 codicis
964 2017 1056 2082 lectio
1090 2019 1286 2084 immutanda
1316 2025 1381 2112 est·

222 2139 253 2202 p.
276 2118 350 2200 437,
373 2118 415 2183 25
446 2129 520 2183 aale
551 2119 645 2198 diem,
675 2143 771 2205 qaam
802 2119 930 2184 litterae
962 2122 1188 2206 acceperim,
1219 2144 1363 2209 conpres-

223 2221 373 2308 byterum
394 2245 497 2288 meam
519 2223 565 2288 ad
585 2225 832 2310 permonitaiem
854 2235 999 2289 ecetram
1022 2225 1209 2289 direxeram
1231 2233 1264 2293 et
1282 2228 1362 2290 acci·

220 2349 334 2412 perora
368 2329 590 2412 reponendum.
629 2348 723 2412 quum
755 2331 961 2394 mutationem
995 2331 1048 2413 qui
1081 2350 1143 2395 non
1173 2332 1362 2415 probauerit,

222 2432 325 2516 priore
348 2433 443 2498 etiam
465 2433 533 2497 loco
556 2433 668 2498 codicis
691 2434 858 2499 lectionem
880 2433 1076 2518 perceperit,
1107 2453 1202 2517 quam
1233 2437 1362 2518 perlecti

222 2537 359 2601 iormam
388 2538 419 2601 in
450 2555 593 2602 sermone
622 2539 745 2622 uulgari
775 2538 930 2603 exstitisse
958 2543 1042 2604 certo
1073 2541 1199 2621 scimus,
1229 2542 1362 2604 retineat

222 2640 380 2722 oportebit
402 2639 496 2724 (cili
519 2661 549 2726 p.
566 2639 653 2724 692).
677 2679 720 2688 -
742 2663 771 2725 p.
788 2640 863 2722 449,
882 2641 923 2705 10
944 2643 1014 2728 lege
1036 2652 1144 2706 caeter
1166 2661 1221 2726 pro
1243 2653 1360 2722 aester,

222 2745 307 2808 err
330 2764 359 2828 p.
376 2744 502 2809 LXVII.

269 2848 349 2914 Oum
372 2849 518 2932 pleraque
542 2850 667 2932 scripta,
692 2867 771 2932 quae
795 2850 853 2914 hoc
868 2851 1027 2916 uolumine
1044 2853 1249 2928 continentur,
1273 2853 1361 2918 uelut

221 2952 296 3018 iibri
319 2953 356 3018 de
378 2955 481 3037 gratia
503 2957 535 3018 et
550 2954 657 3019 Fausti
672 2954 850 3037 Ruriciique
874 2955 1025 3037 epistulae
1049 2957 1180 3040 siugulis
1204 2957 1360 3022 codicibus

222 3058 339 3123 tradita
367 3059 442 3139 sint,
471 3061 504 3124 in
535 3059 579 3123 eis
609 3059 808 3124 recensendis
839 3059 994 3142 imprimis
1022 3060 1053 3124 id
1081 3063 1139 3145 egi,
1170 3066 1206 3126 ut
1235 3063 1359 3142 unius,

222 3163 289 3246 qui
305 3167 483 3245 exstaret,
506 3163 647 3228 codicis
663 3164 824 3246 speciem
840 3181 948 3246 qnam
970 3165 1258 3248 religiosissime
1279 3185 1360 3230 con·

222 3285 427 3349 seruarem,
460 3286 538 3350 quae
569 3287 624 3351 per
653 3287 687 3332 se
717 3271 856 3352 spectata
885 3269 958 3332 ferri
988 3273 1142 3352 poterant,
1177 3271 1209 3334 in
1238 3275 1359 3336 textum

221 3371 361 3455 recipere
384 3389 445 3436 non
469 3371 645 3437 dubitarem
668 3372 956 3454 minutissimasque
980 3373 1203 3456 discrepantias
1225 3375 1257 3439 in
1277 3376 1359 3439 notis

224 3475 417 3540 adnotarem.
455 3479 541 3540 textu
565 3476 660 3560 igitur
683 3479 789 3540 nostro
813 3495 885 3542 cnm
907 3477 1093 3542 lectionibus
1115 3477 1147 3542 in
1170 3479 1252 3542 notis
1275 3496 1359 3542 com-

223 3581 407 3645 memoratis
434 3584 612 3662 comparato
639 3583 818 3644 accuratam
846 3579 959 3645 codicis
986 3581 1157 3666 imaginem
1180 3601 1360 3665 repraesen-

223 3683 286 3748 tari
309 3685 395 3748 scito.
434 3703 533 3766 neque
557 3685 637 3767 quod
662 3685 700 3748 ad
730 3685 1036 3776 orthographiam
1067 3687 1181 3750 attinet
1207 3704 1225 3750 a
1252 3687 1359 3752 formis

223 3789 317 3853 unico
340 3789 442 3854 codice
457 3789 592 3870 traditis,
616 3790 643 3854 si
659 3789 785 3878 omnino
801 3789 915 3854 latinae
933 3793 1032 3872 erant,
1055 3790 1262 3856 recedendum
1282 3792 1360 3856 mihi

224 3911 295 3957 esse
317 3895 426 3976 putaui
448 3895 609 3976 tutiusque
632 3893 709 3959 mihi
731 3895 835 3959 uisum
859 3899 908 3959 est
930 3913 982 3960 eas
1005 3896 1178 3979 relinquere
1194 3899 1359 3982 intactas1)

223 4016 319 4080 quam
343 4016 412 4062 meo
436 3997 538 4063 Marte
562 3999 725 4080 antiquam
748 3999 902 4064 scribendi
924 4001 1181 4066 consuetudinem
1203 4021 1358 4084 reuocare,

271 4259 290 4325 ¹)
308 4257 394 4326 Aegre
412 4257 475 4322 fero,
494 4255 564 4328 quod
582 4258 715 4328 inpriore
733 4262 807 4328 parte
825 4257 904 4313 huius
923 4257 1067 4314 uoluminis
1085 4259 1243 4330 aliquotiens
1264 4277 1358 4332 perum

223 4345 309 4415 pressi
329 4343 428 4399 codicia
450 4346 564 4414 aerugia
582 4361 665 4414 neque
684 4347 821 4412 Samara,
840 4347 1094 4414 Daadrel,1erclrel,
1109 4349 1197 4406 Sarra
1215 4351 1250 4420 (p.
1264 4353 1305 4416 71,
1317 4351 1358 4418 10)

223 4431 376 4502 similesque
394 4431 493 4487 formas
511 4433 616 4487 retinui.
