3222 5144
288 479 353 544 262
694 480 759 534 1111.
779 481 887 534 Sermo
908 483 1016 536 10—11.

289 656 349 719 tria
382 656 504 738 possint
538 675 607 720 esse
642 655 757 734 securi,
797 659 828 720 et
862 661 937 720 tunc
971 655 1090 720 habeut
1121 675 1229 721 ueram
1262 659 1428 740 laetitiam,

289 759 412 843 quando
442 779 513 823 cum
545 779 659 844 magno
692 762 778 825 lucrc
810 761 974 842 pemenire
1003 765 1182 826 mereantur
1209 762 1248 826 ad
1281 764 1425 847 patriam.

290 865 379 928 itaet
395 883 461 946 uus,
482 865 677 930 dilectissimi
694 867 817 946 fratres,
840 883 1061 949 praeparemus
1077 870 1153 932 tuuc
1168 867 1288 932 animas
1304 873 1427 933 nostras

289 970 328 1034 ad
343 969 502 1053 gaudium,
527 971 650 1052 quando
670 971 835 1054 peruenire
851 973 1022 1036 meruimus
1039 972 1078 1036 ad
1094 972 1263 1038 Christum.
1302 973 1427 1038 interim

250 1102 262 1139 s
289 1074 380 1139 modo
403 1075 596 1159 gaudeamus
612 1076 643 1139 in
668 1095 723 1158 spe
739 1094 850 1139 uerum
866 1075 1015 1159 gaudium
1037 1079 1147 1158 postea
1168 1077 1306 1142 habituri
1328 1079 1360 1142 in
1383 1097 1426 1142 re.

289 1179 371 1261 quod
386 1179 475 1262 peius
493 1184 550 1260 est,
573 1181 664 1244 multi
687 1185 770 1260 sunt,
794 1181 847 1262 qui
870 1197 1018 1263 peruerse
1041 1181 1148 1246 crdinc
1164 1183 1202 1247 de
1217 1183 1380 1265 uoluptate
1397 1187 1428 1248 et

288 1283 404 1347 deliciis
428 1287 460 1347 et
481 1284 605 1348 luxuria
627 1285 743 1348 saeculi
765 1284 858 1348 huius
881 1285 1016 1368 gaudere
1033 1304 1066 1350 se
1090 1285 1228 1350 creduut.
1267 1287 1321 1350 sed
1345 1288 1426 1369 quud

287 1387 320 1457 in
350 1389 463 1472 gaudio
493 1388 637 1453 uidentur
664 1409 777 1469 serere,
808 1407 934 1454 necesse
962 1389 1023 1453 illis
1054 1390 1113 1454 erit
1134 1407 1206 1454 cum
1236 1391 1373 1456 lacrimis
1397 1397 1429 1456 ct

287 1493 374 1556 luctu
401 1493 547 1575 recipere,
576 1493 648 1574 quia
671 1512 733 1558 non
757 1493 909 1558 mentitur
930 1493 993 1573 ille,
1021 1494 1129 1576 quiin
1152 1495 1313 1578 euangelia
1336 1495 1426 1560 dixit:

238 1625 262 1660 ιο
288 1615 354 1662 uae
378 1596 499 1676 uobis,
522 1597 586 1678 qui
608 1598 742 1662 ridetis
766 1617 877 1677 nunc,
901 1598 987 1680 quia
1009 1598 1192 1682 lugebitis
1208 1603 1245 1662 et
1266 1599 1426 1665 flebitis.

288 1701 332 1765 sic
359 1701 443 1765 euim
473 1701 549 1765 fecit
578 1702 630 1766 ille
661 1703 749 1766 diues
780 1703 896 1782 infelix,
931 1703 984 1784 qui
1014 1720 1152 1786 purpura
1181 1703 1368 1768 induebatur
1396 1709 1428 1769 et

287 1805 390 1888 bysso.
429 1807 579 1889 gaudium
604 1807 730 1888 quidem
752 1806 862 1870 habuit
883 1807 915 1870 in
940 1807 1066 1888 mundo,
1095 1809 1149 1872 sed
1171 1807 1315 1873 flammas
1339 1810 1428 1876 inue-

288 1909 354 1974 nire
378 1910 492 1974 meruit
513 1911 545 1974 iu
568 1911 698 1975 inferno.
744 1911 890 1991 Lazarus,
915 1913 968 1993 qui
991 1910 1114 1976 iacebat
1137 1913 1175 1976 ad
1199 1913 1324 1978 ianuam
1349 1913 1427 1994 eius,

288 2013 447 2078 tristitiam
462 2014 573 2078 habuit
594 2015 626 2079 in
650 2016 711 2095 uia,
736 2015 790 2079 sed
813 2033 923 2079 uerum
945 2016 1096 2099 gaudium
1118 2019 1236 2100 reecpit
1258 2018 1291 2082 in
1315 2019 1427 2101 patria

237 2142 261 2180 u
330 2117 394 2183 Nos
418 2137 502 2198 uero,
530 2119 643 2183 fratres
666 2121 829 2201 rarissimi,
860 2123 1013 2202 quantum
1040 2121 1207 2202 possimus,
1236 2121 1284 2186 dei
1307 2124 1430 2188 miseri-

287 2223 424 2287 cordiam
447 2223 659 2306 deprecemur,
687 2228 723 2288 ut
750 2224 840 2289 nubis
867 2225 911 2288 ita
933 2242 1073 2289 amorem
1101 2225 1183 2290 uitae
1206 2230 1351 2291 aeternae
1379 2228 1428 2293 in-

288 2327 405 2410 spirare
433 2327 588 2411 dignetur,
617 2329 748 2410 utplus
775 2330 909 2412 patriam
933 2329 1067 2393 uelimus
1097 2347 1202 2394 amare
1225 2349 1317 2412 quam
1342 2332 1426 2396 uiam

287 2432 475 2515 etamplius
499 2432 536 2495 de
560 2432 662 2497 futuru
686 2451 781 2515 quam
805 2434 842 2498 de
869 2435 1026 2516 praesenti
1050 2435 1174 2499 saeculo
1197 2435 1371 2520 cogitemus
1389 2441 1428 2502 -et

216 2559 218 2564 ¹
287 2537 331 2600 sic
354 2555 478 2620 semper·
501 2536 532 2600 in
549 2537 638 2602 exilio
661 2538 769 2602 muudi
792 2539 881 2602 istius
897 2557 989 2622 agere
1012 2538 1204 2620 studeamus,
1227 2541 1263 2604 ut
1278 2540 1317 2604 ad
1339 2541 1426 2605 futu·

236 2665 261 2704 ro
287 2659 355 2704 rum
388 2640 537 2704 iudicium
560 2660 629 2704 cnm
661 2642 760 2706 libera
789 2647 821 2706 et
850 2661 958 2708 secura
986 2644 1178 2709 conscientia
1203 2645 1305 2710 ornati
1335 2645 1426 2710 bunis

287 2743 432 2826 operibus
455 2747 619 2828 peruenire
642 2729 798 2830 possimus
822 2751 1001 2831 praestante
1024 2748 1148 2813 dominc
1172 2753 1288 2830 nostro,
1311 2751 1361 2814 cui
1378 2754 1430 2815 est

285 2850 385 2914 honor
407 2853 439 2914 et
461 2850 616 2934 inperium
640 2851 671 2916 in
695 2853 819 2916 saecula
842 2853 1046 2917 sacculorum.
1075 2851 1188 2918 Amen.

828 3008 883 3072 XI.

624 3151 800 3192 anuoulnlo
823 3153 865 3192 DE
888 3155 943 3194 mn
966 3153 1085 3196 lUDlCIl.

234 3291 259 3330 25
328 3267 415 3352 Rogo
444 3287 509 3348 ucs,
538 3268 649 3332 fratres
677 3270 839 3350 carissimi,
868 3275 899 3334 et
927 3291 998 3334 cum
1025 3272 1135 3354 grandi
1163 3273 1340 3338 humilitate
1369 3277 1425 3339 ad·

286 3389 406 3453 moneo,
434 3376 469 3436 ut
496 3373 572 3436 mihi
603 3373 707 3438 nullus
732 3393 767 3438 ex
795 3374 883 3438 ucbis
915 3380 1099 3440 succenseat
1125 3381 1180 3440 aut
1207 3377 1286 3442 forte
1316 3379 1426 3444 incon-

389 3553 433 3622 10]
452 3552 515 3608 Luc.
529 3557 552 3618 6,
565 3556 606 3612 25.

327 3710 468 3779 liquando
486 3712 567 3782 Aup,
586 3729 635 3768 cru.
650 3714 679 3767 D
733 3729 793 3768 cum
813 3715 1072 3785 magno-gaudium
1094 3717 1249 3772 0111110
1268 3735 1351 3789 uturp.
1370 3719 1423 3788 ins.

285 3801 420 3851 merentur·
438 3801 509 3869 Auy.
575 3803 648 3854 lan
666 3801 858 3855 meruerimus?
928 3803 1040 3858 5mud0
1060 3805 1088 3858 D
1107 3806 1148 3860 1111
1217 3804 1375 3873 gaudiamus
1395 3808 1425 3861 D

284 3882 408 3938 habeturi
425 3885 456 3938 D
508 3885 629 3956 6peius]
647 3887 722 3956 penis
735 3889 764 3942 D
817 3887 954 3943 uoluntate
968 3891 997 3944 D
1049 3889 1180 3945 ldiliciis
1194 3891 1223 3945 D
1274 3890 1376 3946 luxoria
1394 3893 1425 3948 D

284 3985 311 4022 se
330 3969 444 4025 credunt
461 3974 541 4043 nup,
560 3977 690 4028 secretum
709 3975 739 4028 D
803 3977 948 4030 9metitur
966 3978 995 4031 D
1063 3977 1219 4047 euuangelio
1238 3979 1268 4033 D
1332 3981 1362 4034 11
1382 3979 1425 4034 in·

285 4055 417 4110 duabatur
443 4060 473 4112 D
545 4063 576 4116 12
607 4060 673 4130 byso
704 4063 734 4116 D
805 4065 837 4118 14
869 4064 963 4133 recipit
993 4065 1023 4120 D
1094 4069 1125 4121 15
1154 4082 1215 4119 uero
1242 4083 1371 4136 10001101.
1394 4069 1426 4123 D

284 4145 414 4212 quantum
437 4147 518 4216 Aup,
540 4147 646 4215 quando
669 4151 727 4202 tum
750 4149 781 4204 D
851 4151 884 4204 16
907 4149 1066 4220 depcaemur
1087 4152 1117 4206 D
1189 4155 1219 4208 17
1247 4151 1369 4256 uellimup
1395 4156 1426 4210 D

286 4255 534 4314 1estudiamus1)
598 4261 631 4315 20
650 4264 677 4315 et
695 4262 725 4316 n
743 4263 783 4316 uu
854 4263 888 4318 er
907 4263 1001 4333 incipit
1019 4263 1165 4319 admonitio
1185 4266 1294 4319 rauscnr
1314 4265 1346 4319 ue
1362 4232 1425 4320 ''ru-

285 4341 347 4396 dicii
366 4343 398 4396 cd
417 4345 494 4412 gradi
512 4353 585 4400 metu
604 4351 631 4401 et
649 4347 829 4402 sollicitudine
847 4349 946 4420 iugiter
965 4351 1081 4420 cogitatu
1101 4353 1143 4420 D;
1164 4353 1208 4408 laic
1229 4369 1314 4410 serare
1337 4359 1426 4412 meac

284 4431 354 4498 inter
371 4447 504 4488 sermones
522 4435 672 4504 Auptrstim'
690 4436 787 4498 dubios
804 4440 864 4506 219,
878 4442 946 4494 1-4
964 4440 1017 4507 (39,
1028 4443 1099 4502 2206
1118 4439 1169 4512 Μ.)
