3264 5134
287 513 329 576 22
748 513 769 565 Ι.
789 513 833 565 De
851 513 959 580 gratia

287 689 401 771 putari,
425 689 505 752 sicut
527 687 679 752 habemus
703 689 735 752 in
759 689 938 772 euangelio:
963 689 1168 772 operamini
1192 707 1261 752 non
1284 689 1422 769 cibum,

287 793 348 874 qui
374 793 486 874 perit,
514 793 577 856 sed
605 793 666 874 qui
695 796 889 875 pormanet
918 795 954 856 in
984 793 1099 857 uitam
1130 797 1338 872 aeternam,
1368 794 1422 857 ubi

287 897 385 976 cibus,
408 897 439 960 id
462 899 510 960 est
532 897 708 961 intellectus
735 898 856 961 litterae
879 897 989 980 perire,
1020 896 1108 960 cibus
1134 915 1209 960 uero
1236 899 1363 980 gratiae,
1391 895 1447 961 id'

288 1007 335 1064 est
357 1001 433 1066 fides
455 1019 638 1082 permanere
662 1000 855 1066 describitur.
884 1003 981 1064 etita
1004 1002 1202 1065 continuatus
1226 1020 1327 1066 sermo
1350 1021 1423 1066 con-

250 1122 261 1158 ⁵
288 1106 441 1186 sequitur:
475 1106 648 1170 dixerunt
677 1107 721 1170 ad
752 1125 831 1170 eum
863 1106 1007 1170 Iudaei:
1039 1105 1126 1187 quid
1155 1107 1352 1186 faciemus,
1384 1109 1423 1170 ut

288 1228 480 1291 operemur
503 1228 613 1292 opera
636 1211 716 1274 dei?
739 1211 936 1293 respondit
958 1210 1064 1273 Iesus
1088 1213 1123 1273 ct
1145 1210 1239 1273 dixit
1261 1211 1331 1273 eis:
1356 1210 1423 1273 hoc

288 1318 345 1377 est
367 1332 456 1396 opus
480 1314 552 1394 dei,
575 1317 615 1378 ut
637 1314 801 1378 credatis
825 1314 861 1378 in
886 1333 981 1394 eum,
1005 1333 1110 1395 quem
1135 1315 1239 1378 misit
1261 1313 1336 1379 ille.
1369 1315 1423 1377 ad-

287 1419 394 1499 uertiS,
417 1419 490 1500 quia
513 1418 590 1481 nihil
618 1417 650 1482 in
673 1418 828 1482 famulatu
852 1418 900 1481 dei
924 1418 991 1482 sine
1021 1435 1112 1501 opere
1142 1419 1269 1501 geritur,
1301 1419 1434 1500 quando.

288 1526 319 1586 et
342 1523 379 1602 is,
403 1523 456 1604 qui
479 1523 603 1586 credero
627 1523 758 1601 uidetur,
782 1525 952 1605 operatur?
986 1523 1062 1586 itern
1078 1523 1110 1585 in
1127 1523 1282 1604 apostolo:
1306 1541 1423 1603 neque

237 1641 262 1680 ¹⁰
288 1627 525 1691 circumcisio
549 1627 691 1708 aliquid
714 1627 947 1709 ualetneque
963 1627 1214 1710 praeputium,
1236 1627 1423 1706 sedfides,

288 1749 379 1812 quae
402 1751 464 1814 per
488 1732 685 1795 caritatem
707 1733 893 1812 operatur.
929 1731 1073 1794 similiter
1101 1734 1133 1794 et
1160 1731 1199 1794 ad
1226 1731 1424 1795 Thessaloni-

288 1853 397 1898 censes
430 1834 613 1916 [secunda]:
646 1835 821 1918 dignetur
850 1852 914 1898 uos
945 1835 1143 1899 uocatione
1173 1853 1238 1899 sua
1268 1836 1357 1899 deus
1388 1840 1425 1898 et

288 1941 445 2021 impleat
468 1957 613 2002 omnem
636 1939 871 2002 uoluntatem
893 1938 1078 2002 bonitatis
1102 1943 1138 2002 et
1160 1957 1250 2022 opus
1272 1939 1363 2003 fidoi
1386 1939 1423 2004 iu

288 2044 409 2123 uobiS,
441 2047 471 2106 et
501 2044 539 2107 de
568 2043 731 2106 Abraham
760 2046 792 2107 iu
824 2043 955 2125 epistola
985 2043 1116 2126 apostoli
1145 2042 1268 2107 lacobi:
1302 2044 1424 2123 uides,

237 2161 261 2198 1⁵
289 2148 375 2229 quia
397 2147 493 2211 fides
517 2146 790 2230 cooperabatur
813 2147 988 2231 operibus
1012 2147 1117 2210 illius
1142 2149 1177 2210 et
1193 2166 1232 2210 er
1248 2147 1424 2230 operibus

288 2253 384 2315 fidos
413 2255 671 2315 consummata
698 2255 763 2315 est.
801 2253 962 2334 geminum
993 2252 1043 2316 hic
1072 2252 1209 2316 officium
1239 2269 1424 2334 recognosce

289 2359 320 2419 et
343 2356 530 2438 operationis
554 2359 585 2418 et
608 2355 687 2418 fidei.
718 2356 854 2438 gratia,
878 2356 990 2437 inquit,
1014 2356 1110 2419 salui
1133 2355 1224 2419 lacti
1247 2357 1339 2419 estis
1360 2375 1425 2439 per

288 2460 412 2523 fidem.
449 2459 551 2541 prima
573 2461 677 2540 itaque
701 2459 821 2524 uocatio
845 2459 1018 2542 conpendia
1039 2459 1110 2523 fidei
1132 2459 1262 2541 requirit
1284 2477 1303 2523 a
1325 2458 1424 2539 nobie,

289 2563 446 2643 sequentis
469 2581 543 2626 uero
568 2562 715 2644 temporis
738 2563 841 2646 gratia
863 2564 1032 2645 redemptis
1056 2563 1172 2627 ablutis
1195 2563 1352 2626 innouatis
1375 2581 1425 2627 se-

237 2681 262 2718 ro
289 2667 452 2730 dulitatem
476 2667 575 2749 operis
599 2671 631 2730 et
653 2685 759 2731 cruam
782 2667 954 2730 laboriosae
975 2667 1136 2730 seruitutis
1151 2667 1268 2746 indicit,
1292 2669 1326 2730 ut
1342 2667 1422 2748 quod

289 2771 354 2834 sine
375 2770 480 2833 labore
497 2772 673 2853 accepimus
689 2771 860 2853 opitulante
875 2771 1026 2834 adiutorio
1050 2789 1122 2833 cum
1141 2770 1247 2834 labore
1263 2789 1423 2834 sordemus

289 2875 428 2957 apostolo
444 2878 676 2938 commonente:
697 2875 835 2954 uidete,
852 2875 964 2956 inquit,
981 2893 1024 2938 ne
1040 2875 1075 2938 in
1092 2892 1247 2937 uacuum
1263 2875 1423 2957 gratiam

289 2979 346 3042 dei
369 2979 573 3060 recipiatis.
612 2997 746 3062 agnosco
774 2979 943 3042 distinctos·
966 2997 1034 3042 esse
1061 2977 1176 3061 gradus
1199 2978 1370 3042 necationis
1393 2981 1425 3040 et

289 3083 577 3146 consummationis
617 3082 711 3146 fidem
739 3087 881 3164 expectat
904 3100 922 3146 a
944 3083 1093 3164 paruulis,
1116 3100 1210 3164 opera
1232 3081 1328 3146 etiam
1351 3100 1422 3144 curn

236 3201 262 3240 ’τι
290 3185 349 3248 lide
373 3204 391 3249 a
414 3186 605 3250 confirmatis
628 3187 757 3268 requirit
779 3187 823 3249 ita
846 3190 961 3266 tamen,
992 3191 1028 3249 ut
1058 3186 1250 3250 credulitatis
1278 3185 1425 3250 affectum

290 3289 521 3372 proficientibus
538 3294 651 3373 augeat
673 3293 704 3354 et
726 3290 940 3354 laborantibus
961 3289 1081 3353 adiutor
1097 3289 1269 3354 cotidianus
1285 3289 1424 3353 adsistat.

754 3385 760 3408 a
1136 3405 1138 3410 ,

395 3540 612 3608 l]loann.6‚27.
654 3539 683 3608 5]
696 3539 787 3593 Ioanu.
798 3541 913 3607 uasssq.
959 3539 987 3607 9]
1001 3537 1058 3594 Gal.
1070 3541 1125 3604 5,o.
1169 3539 1424 3608 1212Thess.l,ll.

292 3627 335 3694 ll]
355 3627 407 3680 Iao.
426 3629 450 3692 2,
464 3629 504 3681 22.
561 3626 604 3695 17]
623 3625 720 3695 Ephes.
739 3629 764 3690 2,
777 3629 801 3682 8.
855 3627 900 3694 22]
919 3627 936 3680 2
954 3625 1013 3680 Cor.
1034 3629 1057 3689 6,
1071 3629 1093 3681 1.

334 3803 470 3912 2periP
525 3842 717 3897 ldiscribitur
735 3844 762 3896 P
818 3843 894 3898 ouis
913 3843 941 3896 P
981 3849 1045 3912 post
1063 3841 1168 3896 credere
1187 3845 1288 3898 lacuna
1300 3849 1427 3913 qarultuor

289 3935 345 4000 scra
367 3932 517 3984 lilla-rarum
540 3935 633 3996 acatal,
660 3931 738 3985 cuius
765 3931 822 3986 loco
845 3931 911 3985 olim
932 3929 960 3982 in
979 3928 1026 3982 dm
1048 3931 1179 3998 scriptum
1200 3931 1286 3996 fauisse
1308 3931 1426 3985 conicias

293 4021 324 4073 lo
343 4033 443 4084 nequae
462 4018 488 4070 P
535 4019 564 4070 ll
585 4015 782 4069 tesalonicensis
795 4017 822 4070 P
870 4019 901 4070 12
920 4015 1035 4069 secunda
1052 4018 1131 4070 uncis
1144 4017 1251 4082 inclusi,
1264 4035 1324 4071 cum
1336 4023 1427 4084 aperte

289 4105 324 4157 sit
343 4121 468 4157 rrrroacraar
487 4105 523 4156 ΙΙ
538 4120 569 4158 eu
588 4105 710 4173 marpiae
727 4105 779 4158 buc
796 4104 917 4158 intrusus
972 4105 1003 4157 13
1021 4102 1099 4155 fidaei
1118 4104 1145 4156 P
1193 4105 1223 4156 ll
1242 4101 1387 4155 habraham
1402 4103 1429 4154 P

292 4192 323 4244 17
341 4189 480 4256 iuquidP
533 4191 565 4244 18
584 4189 728 4257 itaquaeP
791 4188 1011 4257 compendiumo
1075 4191 1108 4244 23
1127 4205 1235 4242 aenosce
1255 4189 1282 4242 P
1332 4189 1364 4243 24
1383 4205 1427 4240 en-

291 4281 397 4350 peetata
415 4277 442 4331 P
