3244 5130
306 438 367 502 118
688 437 723 490 Π.
744 437 787 490 De
806 437 927 506 spiritu
946 441 1059 490 sancto

304 617 335 678 et
358 614 491 698 gentiles
515 617 547 677 ct
570 613 786 677 catechumeni
809 612 846 675 de
869 613 965 695 patris
989 615 1021 675 et
1043 611 1099 676 filii
1122 612 1352 695 dispensatione
1373 630 1444 696 par·

303 721 443 802 ticipant,
467 719 504 782 de
528 717 774 782 sanctificatione
797 735 870 780 uero
895 721 926 780 et
948 716 1103 781 infusione
1120 715 1248 799 spiritus
1265 717 1365 780 sancti
1382 734 1443 781 non

303 825 405 903 facile,
437 823 496 887 nisi
526 823 588 886 iam
618 821 812 903 baptismum
842 822 1010 902 consecuti,
1041 819 1196 904 purificati
1226 826 1256 885 et
1288 821 1443 904 spiritales

305 929 416 1008 effecti,
440 927 601 1009 apostolici
625 926 719 990 etiam
745 929 776 990 et
798 926 981 1008 apostoliae
998 929 1063 989 toto
1080 925 1189 1008 spiritu
1206 925 1245 989 ad
1259 925 1443 1008 martyrium

264 1061 277 1098 a
304 1033 490 1116 praeparati.
537 1035 567 1094 et
590 1031 671 1095 inter
694 1031 770 1094 haec
794 1031 894 1094 adhuc
918 1035 1060 1094 creatma
1083 1049 1151 1093 esse
1175 1029 1213 1093 ab
1237 1029 1342 1113 impiis
1365 1029 1444 1093 iudi·

304 1137 438 1216 cabitur,
471 1136 524 1219 qui
547 1136 629 1218 apud
652 1135 845 1199 indiuiduam
868 1135 1041 1199 trinitatem
1064 1135 1096 1199 in
1120 1135 1311 1200 ordinatione
1336 1135 1443 1199 salutis

302 1243 460 1306 humanae
493 1239 764 1324 magnificentiora
794 1258 935 1323 quaeque
964 1257 1095 1304 munera
1118 1244 1150 1304 et
1171 1239 1358 1322 perfectiora
1381 1258 1444 1304 sor·

304 1345 403 1410 titur?
449 1345 503 1408 sed
526 1345 606 1408 forte
630 1343 728 1408 dicas:
760 1345 857 1408 maior
880 1347 928 1408 est
952 1345 1077 1426 spiritns
1102 1348 1240 1425 sanctus
1268 1345 1356 1408 cuius
1380 1362 1445 1408 ma·

303 1451 369 1514 iora
397 1453 428 1514 et
451 1449 601 1513 nobiliora
624 1452 699 1512 sunt
721 1467 822 1532 opere.
870 1466 931 1512 non
955 1449 1000 1512 ita
1023 1453 1080 1512 est.
1126 1467 1200 1513 nam
1223 1449 1255 1512 id
1277 1449 1374 1513 moris
1397 1452 1444 1512 est

254 1581 278 1619 ιο
304 1554 447 1634 trinitati,
471 1558 516 1634 ut,
540 1555 587 1616 cui
604 1572 755 1636 personae
772 1553 1038 1618 administrandae
1054 1554 1098 1618 rei
1115 1553 1281 1618 committit
1296 1553 1444 1634 osticium,

305 1659 332 1722 ei
356 1661 499 1741 peractae
523 1657 680 1722 adscribat
704 1657 850 1722 effectum
877 1677 913 1722 ac
941 1659 985 1722 sic
1008 1676 1085 1740 opus
1109 1659 1150 1722 sit
1172 1659 1251 1723 forte
1274 1658 1443 1739 diuersum,

305 1763 359 1827 sed
376 1781 543 1827 commune
558 1763 761 1844 propositum.
795 1767 826 1826 et
848 1761 875 1825 si
900 1766 947 1826 est
962 1763 993 1827 in
1014 1763 1147 1846 singulis
1164 1763 1298 1845 speciale
1314 1763 1444 1844 factum,

305 1869 413 1931 manet
436 1867 503 1930 int
491 1866 591 1932 tribus
615 1867 760 1950 generale
784 1867 947 1931 consilium
971 1885 1007 1932 ac
1029 1871 1203 1950 propterea,
1234 1868 1293 1932 etsi
1252 1867 1447 1932 tdistino-

305 1977 372 2035 tum
400 1969 520 2035 habent
507 1971 574 2035 tin
597 1972 776 2052 operatione
805 1972 975 2055 negotium,
1008 1991 1106 2036 unum
1135 1976 1242 2091 tamen
1274 1973 1422 2037 tenent
1414 1991 1446 2036 m

252 2101 276 2141 ιι
308 2076 499 2141 ordinatione
522 2093 721 2140 consensum

346 2181 421 2244 Post
409 2180 669 2244 tascensionem
701 2181 818 2245 domini
847 2182 886 2245 ad
918 2183 1167 2247 cumulandat
1137 2187 1167 2247 et
1198 2181 1357 2265 implenda
1381 2183 1446 2246 cius

304 2285 457 2349 beneficia
485 2285 613 2367 spiritus
638 2289 765 2349 sauctus
789 2286 987 2350 descendisse
1010 2287 1205 2366 describitur,
1237 2287 1273 2348 de
1297 2305 1357 2368 quo
1381 2287 1447 2369 ipse

305 2391 443 2454 saluator
464 2408 520 2471 per
543 2389 692 2454 Iohannis
717 2391 914 2473 euangelium
938 2391 1088 2473 loquitur:
1117 2391 1182 2455 ilie
1205 2391 1316 2474 spirit
1321 2411 1363 2455 us
1386 2409 1446 2455 ue-

302 2494 447 2574 ritatiS,
471 2513 578 2575 quem
595 2493 704 2558 mitte
688 2497 804 2578 ettpa
809 2495 1168 2560 erinnominemeo.
1199 2495 1339 2575 mittet·
1274 2496 1444 2577 emquit,

250 2625 275 2663 ro
302 2601 391 2682 pater
423 2598 455 2662 in
488 2598 614 2662 nomine
645 2616 729 2679 meo,
765 2598 845 2663 det
832 2599 937 2663 trinita
939 2603 970 2662 te
1003 2600 1171 2664 euidenter.
1229 2599 1266 2662 de
1298 2619 1358 2682 qua
1388 2601 1446 2664 hoe

304 2721 454 2784 umquam
479 2707 621 2766 creatura
643 2703 761 2766 dictum
785 2705 836 2766 uel
858 2704 993 2787 legimus
1016 2704 1066 2768 uel
1091 2704 1277 2784 audiuimus
1308 2705 1390 2786 quod
1413 2705 1446 2768 in

304 2807 387 2870 huno
403 2807 555 2870 mundum
573 2808 603 2870 in
621 2807 747 2870 nomine
764 2807 813 2871 dei
828 2809 970 2872 uenerit?
1005 2809 1054 2872 hic
1071 2827 1153 2892 ergo,
1171 2809 1207 2872 de
1224 2827 1284 2890 quo
1301 2807 1444 2872 Christus

303 2911 447 2976 dominus
472 2912 547 2975 deus
572 2911 658 2974 dicit:
684 2912 755 2976 nisi
780 2930 844 2995 ego
869 2913 958 2992 iero,
982 2914 1197 2995 paracletus
1221 2931 1290 2976 non
1314 2913 1444 2977 ueniet

303 3016 346 3079 ad
377 3033 456 3094 uos,
488 3014 564 3078 deus
593 3015 712 3097 absque
735 3016 827 3080 dubio
852 3021 910 3096 est,
941 3018 994 3098 qui
1017 3018 1048 3080 in
1072 3019 1175 3081 locum
1199 3017 1248 3081 dei
1271 3019 1309 3081 ad
1333 3015 1443 3081 confir-

251 3145 276 3182 ιι
305 3119 420 3182 manda
451 3119 499 3182 dei
531 3139 662 3184 munera
692 3120 769 3184 dest'
747 3125 827 3184 tmat
829 3140 873 3184 ur.
919 3122 951 3184 in
980 3121 1029 3185 his
1053 3123 1174 3186 duabus
1198 3127 1268 3186 sent
1270 3143 1308 3186 en
1310 3123 1362 3185 tiis
1310 3121 1442 3186 tsuh

305 3223 502 3287 distinctione
537 3225 685 3288 trinitatis
719 3225 861 3289 absolute
896 3245 1029 3308 persona
1059 3227 1154 3290 etiam
1185 3227 1285 3291 sancti
1317 3227 1442 3310 spiritus

303 3328 487 3392 declaratur.
535 3346 596 3391 non
626 3329 771 3393 inmerito
802 3330 909 3411 itaque
936 3335 967 3394 et
989 3331 1048 3395 hoo
1070 3331 1110 3396 ad
1133 3331 1306 3396 diuinitatis
1331 3349 1443 3412 aequa-

302 3432 424 3495 litatem
455 3432 596 3512 refertur,
628 3433 709 3514 quod
741 3434 821 3497 siout
852 3433 934 3497 filius
965 3435 1009 3498 ita
1039 3435 1133 3498 etiam
1165 3435 1292 3517 spiritus
1316 3438 1442 3500 sanctus

407 3604 450 3673 18]
470 3605 562 3658 Ioann.
577 3605 616 3669 14,
630 3608 671 3660 26.
727 3607 771 3675 23]
792 3606 883 3660 Ioanu.
900 3609 939 3670 16,
953 3609 976 3660 ’1.

315 3749 563 3816 ¹leatheeumeni
586 3763 617 3830 V,
637 3763 795 3816 catecumini
815 3766 864 3818 P'
904 3763 1157 3866 3beahissimumc
1221 3768 1281 3820 tet
1300 3773 1362 3820 unte
1382 3783 1444 3835 apo·

302 3874 388 3928 stolici
408 3876 507 3929 oddo
559 3879 586 3927 et
604 3875 715 3943 apostoli
735 3893 785 3931 ora.
805 3877 832 3929 P
887 3875 1043 3930 9nobilora
1062 3878 1089 3931 P
1105 3877 1129 3940 (i
1148 3895 1218 3931 naua.
1233 3880 1292 3944 alt.)
1279 3879 1443 3948 )moris]

302 3961 435 4015 mainaV
492 3964 523 4015 lo
542 3961 671 4014 trinitatis
690 3963 717 4014 P
774 3961 902 4016 administ
905 3962 1035 4018 randeV
1091 3967 1120 4018 ll
1141 3968 1245 4032 peracte
1268 3966 1293 4018 V
1348 3966 1443 4019 asscri-

300 4071 348 4126 bat
367 4074 393 4126 P
445 4073 465 4124 si
487 4075 513 4126 P
565 4077 597 4127 12
615 4075 780 4142 prepositum
803 4075 828 4127 V
879 4075 989 4142 sprooiole
1010 4077 1079 4142 1²(a
1098 4095 1168 4130 noua
1183 4079 1242 4179 oli.)
1298 4080 1330 4133 13
1349 4077 1442 4144 &er

302 4186 322 4237 si
343 4186 370 4238 P
424 4188 454 4238 lb'
473 4185 506 4236 ed
525 4186 751 4240 acerimulandao
807 4189 837 4239 17
857 4186 1012 4241 discribitur
1036 4189 1062 4242 V
1114 4192 1145 4244 18
1164 4151 1352 4258 lepidumst
1371 4209 1442 4246 oreon.

301 4273 360 4338 ult)
424 4275 455 4327 19
474 4271 566 4338 inquid
590 4275 616 4327 V
674 4276 707 4328 22
727 4273 767 4326 dei
788 4274 894 4327 nomine
915 4276 941 4328 P
1001 4279 1034 4331 23
1053 4275 1204 4345 paraclytus
1224 4279 1251 4331 P
1314 4280 1348 4333 26
1367 4277 1443 4334 abso-

300 4383 419 4438 lutaeV
469 4383 578 4452 spiritus
597 4385 681 4438 sancti
701 4386 729 4440 P
779 4387 812 4440 27
832 4385 982 4442 declaratur
1001 4389 1029 4442 P
