3264 5134
252 466 294 528 24
711 465 731 518 1.
752 465 795 518 Dc
813 465 921 531 gratia

250 639 343 704 bunt
370 643 522 720 terram,
550 643 598 704 et:
626 639 724 704 oculi
751 639 889 704 domin-i
919 659 1029 723 super
1059 641 1179 704 iustos
1210 643 1246 705 et
1275 659 1381 707 aures

251 744 329 807 eius
353 745 396 808 ad
419 764 548 827 preces
572 747 718 808 eorum?
741 744 892 826 numquid
908 745 1030 827 penitus
1054 745 1172 809 interiit
1193 745 1381 826 innocentia,

250 848 324 929 quia
346 847 378 911 in
401 848 500 931 primo
524 848 590 911 cius
613 847 711 931 gradu
734 865 894 931 possessor
924 849 989 912 cius
1018 851 1100 912 stare
1123 849 1282 932 neglexit?
1321 868 1381 913 non

251 953 368 1034 opinor,
384 952 456 1033 quia
471 952 621 1034 scriptum
639 955 703 1016 est:
726 953 944 1016 innocentes
968 955 1004 1016 et
1026 953 1117 1016 recti
1133 953 1382 1016 adhaeserunt

213 1073 225 1111 ⁵
252 1056 358 1136 mihi,
382 1057 565 1120 etiterum:
589 1057 671 1138 quis
695 1055 813 1120 stabit
835 1057 872 1120 in
894 1058 976 1121 loco
1000 1061 1129 1121 sancto
1154 1057 1254 1120 eius?
1282 1057 1383 1121 inno-

252 1178 338 1224 cens
362 1160 532 1224 manibus
556 1163 592 1224 et
614 1160 748 1224 mundo
771 1160 892 1240 corde,
917 1161 1096 1225 etiterum:
1121 1161 1289 1226 dominus
1313 1179 1380 1224 non

251 1263 535 1347 priuabitbonis
551 1263 787 1327 ambulantes
803 1265 839 1327 in
856 1265 1080 1329 innocentia.
1108 1265 1257 1347 numquid
1270 1266 1383 1329 sancti-

252 1367 353 1432 ficatio
377 1370 511 1450 corporis
535 1387 571 1430 ex
593 1371 657 1431 toto
681 1367 797 1431 amissa
813 1387 880 1431 esse
897 1369 1050 1432 credenda
1065 1372 1123 1448 est,
1146 1370 1220 1450 quia
1234 1369 1382 1432 membris

252 1473 284 1536 in
308 1489 397 1535 seruo
419 1471 528 1535 rebelli
551 1489 639 1535 suam
664 1489 725 1534 non
749 1471 946 1535 screantibus
970 1473 1155 1536 seruitutem
1174 1472 1314 1536 discussa
1335 1475 1383 1536 est

202 1593 226 1631 ιο
252 1576 371 1660 primae
394 1575 526 1658 dignitas
549 1575 719 1658 puritatis?
757 1593 818 1640 non
841 1575 959 1656 ntique,
987 1577 1059 1657 quia
1081 1576 1231 1659 legimus:
1263 1580 1302 1640 ut
1329 1595 1383 1640 ex-

252 1680 414 1744 hibeatis
438 1697 592 1762 corpora
613 1683 741 1742 uestra
766 1679 929 1743 hostiam
959 1680 1084 1743 uiuam
1112 1683 1281 1744 sanctam
1308 1681 1383 1762 pla-

253 1788 396 1849 centem
419 1783 499 1863 deo,
523 1783 704 1848 etiterum:
729 1783 850 1847 sancti
874 1787 1010 1863 estote,
1034 1784 1119 1866 quia
1142 1802 1208 1867 ego
1231 1787 1382 1847 sanctus

253 1909 341 1954 sum.
379 1889 424 1952 ita
452 1888 510 1952 hoc
540 1907 652 1972 genere
683 1887 836 1952 bonorum
867 1887 1005 1968 illorum,
1035 1906 1114 1969 quae
1145 1887 1226 1952 male
1257 1905 1382 1951 securus

252 1993 385 2078 paradisi
407 1993 508 2056 incola
535 2010 553 2056 a
579 1993 713 2076 benigno
736 1995 860 2057 auctore
884 1995 1072 2076 susceperat,
1096 2010 1158 2056 non
1180 1992 1272 2075 periit
1294 1991 1382 2070 actio,

202 2109 226 2150 ¹⁵
253 2098 310 2162 etsi
334 2101 382 2161 est
404 2097 519 2160 amissa
541 2097 698 2180 perfectio.
730 2115 801 2176 non,
825 2097 962 2177 inquam,
985 2095 1095 2160 harum
1119 2097 1270 2160 uirtutum
1294 2095 1383 2178 periit

251 2202 391 2282 castitas,
415 2201 473 2266 etsi
496 2205 545 2265 est
567 2205 719 2265 temerata
741 2201 902 2284 uirginalis
925 2201 1097 2284 integritas.

774 2444 860 2508 vm.

325 2587 481 2638 Quamnam
504 2587 682 2628 insusurras
706 2587 808 2627 limum
832 2587 970 2627 namnum
994 2585 1234 2652 mundandorum
1257 2585 1313 2625 Si'l'.

298 2723 357 2787 Sed
380 2723 551 2805 interrogas
568 2725 596 2784 et
614 2721 676 2784 ais:
700 2721 852 2802 quomodo
869 2720 1112 2803 intellegendum
1129 2723 1177 2783 est
1192 2719 1382 2783 infirmatum

203 2839 228 2878 20
254 2828 407 2891 humanae
431 2826 545 2889 mentis
562 2825 749 2889 arbitrium?
780 2826 948 2888 adtenuata
970 2823 1097 2888 libertas
1121 2823 1186 2886 cius
1207 2823 1252 2886 ita
1266 2823 1383 2906 gratiae

254 2931 442 2994 adminicula
463 2931 533 3012 plus
556 2930 693 3011 requirit,
718 2930 799 2992 sicut
813 2929 905 2992 homo
921 2929 1015 3012 longa
1030 2927 1212 2991 infirmitate
1227 2926 1383 2990 confectus

255 3035 412 3100 adiutoriis
445 3052 481 3098 ao
511 3035 632 3098 solaciis
662 3053 772 3117 gressu
804 3032 958 3097 titubante
991 3031 1091 3115 magis
1122 3031 1248 3114 indiget.
1291 3031 1385 3113 igitur

255 3139 335 3202 sicut
356 3142 427 3220 post
448 3138 653 3201 inueteratam
676 3137 813 3200 luxuriae
837 3136 1094 3200 consuetudinem
1117 3134 1271 3218 reparatio
1287 3133 1386 3197 conti-

255 3243 377 3308 nentiae
401 3243 500 3305 multo
522 3241 628 3305 labore
651 3239 805 3305 constabit
827 3245 858 3303 et
885 3242 964 3305 sicut
986 3241 1078 3323 longo
1103 3239 1304 3303 temulentiae
1326 3257 1385 3301 usu

204 3359 229 3397 2⁵
256 3347 413 3428 captinata
435 3345 586 3410 sobrietas
610 3363 681 3408 cum
704 3345 853 3408 uiolentia
880 3345 996 3428 rigidae
1027 3343 1125 3407 crucis
1154 3344 1204 3407 nix
1229 3343 1385 3426 recipitur,

256 3469 333 3532 quae
356 3451 451 3533 prius,
480 3469 551 3512 cum
575 3449 692 3512 inlaesa
715 3452 880 3528 teneretur,
911 3467 1007 3530 paruo
1038 3447 1161 3531 negotio
1193 3447 1385 3526 seruabatur,

256 3555 409 3636 siquidem
437 3573 508 3618 cum
539 3554 698 3635 uoluptate
729 3553 863 3634 quadam
893 3553 1042 3617 inuiolata
1070 3551 1258 3616 conscientia
1288 3551 1386 3634 possi·

361 3753 387 3821 1]
415 3751 513 3806 Psalm.
540 3755 581 3814 33,
605 3739 643 3806 lb.
713 3751 741 3818 4]
769 3749 866 3804 Psalm.
895 3753 935 3812 24,
958 3752 998 3805 21.
1070 3750 1097 3818 5]
1125 3749 1223 3803 Psalm.
1251 3751 1297 3812 23,
1318 3749 1385 3816 3sq.

257 3841 284 3909 6]
304 3839 401 3893 Psalm.
421 3841 516 3904 8313.
572 3839 615 3908 lo]
635 3839 709 3892 Rani.
732 3841 770 3901 12,
786 3841 807 3892 l.
863 3837 905 3906 12]
925 3836 987 3890 Len.
1009 3839 1047 3901 19,
1061 3839 1084 3892 2.

302 4004 497 4060 ldoruinioor.
512 4005 539 4058 P
583 4003 663 4074 21111]
682 4005 744 4059 ino
787 4004 932 4072 praecesP
973 4002 1135 4070 poenitusP
1181 3966 1345 4068 apossessssr
1363 4001 1389 4054 P

257 4092 497 4148 dadbescruutP
558 4095 590 4146 10
608 4091 715 4158 utiquae
734 4091 761 4144 P
823 4091 853 4144 14
872 4105 901 4141 ac
921 4090 948 4142 P
1007 4091 1037 4143 21
1059 4087 1229 4155 adminilcula
1248 4087 1387 4154 P(faits

258 4207 289 4258 ia
305 4205 371 4272 rosa)
441 4206 473 4258 23
496 4203 643 4256 iunctorum
663 4205 689 4257 P
756 4202 871 4254 luxoriae
890 4203 918 4255 P
985 4201 1130 4270 raeparatio
1149 4201 1177 4253 P
1243 4201 1275 4253 24
1299 4165 1387 4252 labo'be

258 4309 387 4392 epperecr.
401 4292 450 4357 1³¹,
469 4291 540 4344 erade
558 4289 673 4344 multum
692 4288 811 4343 laborare
829 4289 999 4344 scribendam
1018 4305 1070 4342 esec
1088 4288 1196 4342 uidetur
1253 4288 1286 4340 25
1305 4285 1388 4355 capti-

258 4405 314 4473 utta
332 4403 359 4460 P
425 4405 457 4462 27
476 4362 603 4474 possedrbr
622 4403 648 4458 P
