3222 5144
324 435 387 499 282
768 437 832 491 IIII.
853 437 961 491 Sermo
982 441 1021 494 15.
1127 405 1129 409 Ι

323 615 355 678 in
380 617 479 676 semet
499 613 565 694 ipso
589 631 705 692 nouum
729 614 888 677 hominem
912 615 1040 677 crimino
1063 615 1221 678 homicidii
1243 615 1409 692 interfecit,
1435 614 1457 676 si

322 718 454 800 auguria
469 717 663 782 obseruando
683 738 738 801 per
753 718 934 800 haruspices
951 722 982 782 et
997 719 1118 782 diuinos
1135 721 1228 800 atquo
1251 719 1457 783 incantatores

323 826 449 905 captum
473 841 506 886 sa
530 822 650 886 diabolo
674 823 812 902 tradidit,
836 823 913 887 haec
937 827 1030 904 atque
1053 824 1182 887 huiusce
1206 823 1288 887 modi
1311 825 1396 887 mala
1411 841 1457 885 en·

322 927 400 1008 piari
430 928 555 1008 penitus
585 928 745 991 communi
776 932 807 991 et
838 927 986 1000 mediocri
1016 929 1066 991 uel
1098 931 1219 992 secreta
1249 928 1457 992 satisfactione

283 1059 296 1096 ⁵
323 1034 373 1095 uin
400 1035 540 1112 possunt.
586 1050 698 1115 graues
727 1049 838 1096 causae
866 1032 1024 1115 grauiores
1048 1035 1079 1096 et
1106 1032 1239 1096 acriores
1263 1035 1294 1095 et
1320 1031 1456 1115 publicas

323 1153 412 1199 curas
435 1136 607 1216 requirunt,
635 1140 679 1216 ut,
704 1136 755 1217 qui
780 1155 852 1200 cum
875 1137 1079 1219 plurimorum
1103 1136 1313 1200 destructione
1337 1155 1369 1199 se
1391 1154 1457 1217 per-

322 1239 444 1320 diderit,
469 1240 562 1304 simili
587 1241 678 1304 modo
702 1259 773 1303 curn
796 1241 1002 1324 plurimorum
1026 1240 1238 1305 aedificatione
1262 1260 1295 1304 se
1318 1241 1454 1304 redimat.

323 1344 416 1409 homo
441 1345 578 1408 enimse
601 1345 667 1427 ipse
691 1345 833 1426 decipiat,
858 1345 895 1424 si,
919 1363 991 1408 auru
1015 1345 1100 1408 intus
1123 1345 1155 1408 in
1171 1344 1318 1408 medullis
1341 1345 1455 1408 feruere

323 1451 437 1513 sentiat
466 1447 622 1530 morbum,
653 1469 708 1531 per
736 1449 929 1532 superficiem
959 1450 1094 1533 corporis
1122 1451 1216 1514 molle
1244 1448 1378 1512 deducat
1404 1467 1455 1510 un-

271 1581 296 1620 10
322 1558 484 1639 guantum.

364 1658 452 1722 Haec
479 1659 585 1740 itaqua
608 1658 755 1741 capitalia
784 1660 866 1722 uiola
893 1659 1010 1743 ingenti
1039 1662 1071 1722 et
1097 1659 1202 1742 rugitu
1231 1663 1263 1722 et
1289 1659 1407 1742 gemitu
1428 1659 1455 1720 et

323 1765 407 1828 fonte
423 1763 566 1846 indigent
588 1763 789 1827 lacrimarum
806 1769 836 1827 et
858 1764 1114 1845 proclamandum
1138 1767 1187 1827 est
1202 1782 1274 1826 cnm
1296 1763 1453 1846 propheta:

322 1867 706 1951 rugiebamageruitu
730 1868 852 1931 cordis
875 1869 961 1948 inei,
983 1871 1026 1931 et:
1051 1867 1184 1931 leuabo
1208 1887 1271 1949 per
1295 1867 1454 1950 singulas

322 1977 452 2036 noctes
475 1972 614 2035 lectum
638 1991 772 2052 meum,
801 1972 967 2036 lacrimis
992 1975 1150 2035 stratum
1174 1990 1294 2034 rusum
1318 1971 1454 2054 rigabo,

272 2103 296 2140 in
323 2081 354 2139 et
374 2077 502 2139 iteruin:
531 2093 596 2159 ego
620 2081 743 2140 autern
767 2081 953 2157 tamquam
977 2077 1136 2139 cinerem
1161 2093 1293 2158 panem
1317 2073 1455 2138 mandu-

322 2180 450 2244 cabam
474 2185 509 2243 et
532 2185 657 2262 potum
682 2199 800 2244 meum
824 2200 903 2244 cunr
927 2181 1021 2244 fletu
1046 2180 1257 2244 miscebam.
1304 2177 1455 2243 neurode-

322 2284 431 2366 spiciat
457 2285 694 2366 paenitentiam,
724 2303 814 2350 neruo
838 2289 1019 2348 couternnat
1042 2285 1121 2347 hanc
1145 2284 1365 2347 humilitatem.
1406 2300 1454 2345 ren

322 2389 406 2452 euim
437 2392 504 2452 erat
534 2389 651 2468 Dauid,
689 2390 740 2470 qui
772 2391 833 2453 ista
863 2389 1002 2469 dicebat,
1041 2408 1183 2452 sunrnrus
1210 2407 1264 2452 rex
1296 2393 1375 2467 erat,
1407 2386 1455 2467 qni

323 2495 384 2558 ista
407 2493 551 2558 iaciebat.
597 2497 720 2576 oportet
746 2495 849 2576 itaqua
877 2494 966 2576 quasi
994 2513 1087 2576 super
1116 2497 1273 2556 uiortuurn
1302 2512 1373 2556 curn
1399 2491 1454 2554 cla-

269 2625 295 2664 no
322 2617 407 2662 more
431 2602 462 2662 at
485 2617 615 2682 magnos
640 2617 733 2680 super
756 2599 925 2662 extinctam
948 2599 1082 2681 peccatis
1107 2597 1245 2661 animam
1261 2597 1335 2661 dare
1358 2597 1454 2680 plauc-

322 2708 383 2767 tus,
430 2707 462 2767 at
492 2703 644 2785 quomodo
680 2705 782 2766 mater
812 2704 891 2766 solet
925 2703 1034 2767 orbata
1063 2721 1156 2785 super
1186 2702 1354 2766 amissione
1379 2698 1453 2762 unic-i

321 2807 376 2871 filii
407 2808 455 2871 sui
485 2809 583 2871 fracto
611 2811 735 2888 pectore
765 2807 942 2887 lamentari,
973 2807 1017 2870 ita
1043 2807 1189 2870 conuenit
1219 2825 1312 2888 snper
1339 2805 1452 2868 unicani

321 2912 459 2975 animam
489 2915 643 2992 nostram,
675 2911 729 2974 sed
759 2930 831 2974 cunr
862 2931 917 2993 spa
947 2911 1151 2994 reparationis
1182 2909 1303 2992 adfligi,
1334 2910 1370 2972 de
1399 2924 1453 2989 qua

321 3017 412 3078 unica
442 3034 544 3078 sermo
574 3015 775 3098 propheticus
807 3017 898 3080 dicit:
945 3035 1030 3079 erue
1069 3033 1087 3078 a
1125 3015 1265 3078 fraruea
1302 3015 1452 3078 animaru

269 3145 294 3184 as
321 3139 437 3183 meam
466 3124 503 3183 et
530 3121 570 3183 de
599 3139 708 3183 uranu
736 3121 839 3184 canis
868 3121 1014 3183 unicam
1042 3137 1167 3182 meam.
1214 3137 1310 3200 quare
1338 3120 1451 3182 unicam

321 3223 417 3287 dicit?
448 3224 514 3290 siue
536 3224 618 3305 quod
638 3229 802 3306 tamquam
824 3225 915 3287 unica
938 3223 1095 3307 diligenda
1118 3227 1176 3302 est,
1200 3223 1266 3286 sine
1287 3223 1371 3306 'quod
1393 3222 1452 3302 ipsa

322 3328 387 3392 sola
414 3331 487 3392 anta
518 3327 656 3392 tribunal
685 3328 800 3392 Christi
828 3329 981 3392 rationem
1012 3328 1141 3392 renrotis
1164 3326 1309 3391 omnibus
1339 3324 1452 3390 solaciis

426 3457 662 3526 13]Psa11n.37‚9.
699 3457 858 3522 psalmon.
898 3457 1169 3526 15]Psa1m,101‚1o.
1206 3454 1451 3523 24]Psalm.21‚2r.

368 3585 380 3636 1
401 3580 511 3632 uramini
531 3581 568 3646 D,
588 3595 649 3632 nece
668 3581 739 3648 idern.
794 3579 920 3632 homicidi
940 3581 977 3646 D,
995 3578 1112 3631 hominis
1131 3579 1202 3647 Auo.
1260 3580 1276 3632 2
1294 3577 1402 3646 auguria
1419 3575 1452 3630 1)Ι

320 3667 453 3736 aruspices
472 3669 501 3722 D
554 3667 575 3720 si
594 3683 640 3735 per
659 3683 771 3734 augures
790 3669 817 3719 et
836 3666 940 3720 diuinos
960 3668 1030 3736 atergi.
1085 3666 1260 3734 deaptiuum
1279 3666 1350 3734 Auo.
1404 3662 1452 3715 dia·

319 3781 382 3834 bulo
401 3783 430 3835 D
482 3780 645 3834 deornmoni
663 3781 693 3833 D
746 3737 892 3835 5aciiores
907 3781 935 3833 D
987 3778 1158 3848 plupiicasD
1210 3775 1452 3832 ddisstuctianeD

320 3867 474 3922 'druderuat
493 3869 521 3921 D
573 3866 629 3924 δεῖ
648 3883 779 3936 serperscr.
799 3868 828 3921 D
881 3883 941 3920 curn
964 3869 1045 3935 Aaou,
1068 3885 1118 3921 one.
1138 3867 1167 3919 D
1218 3865 1291 3917 intus
1313 3882 1364 3920 om.
1387 3865 1450 3930 Aaou.

320 3954 487 4022 dsupficiai
508 3956 536 4008 D
620 3957 652 4008 12
675 3953 748 4006 fonte
772 3954 852 4022 Aoo„
877 3953 944 4006 sorte
966 3955 996 4007 D
1077 3951 1208 4018 iudiigent
1234 3953 1263 4005 D
1337 3949 1451 4020 nolanis-

320 4041 381 4094 ridn
400 4043 429 4094 D
487 4041 590 4109 (rapuere
609 4042 638 4094 D
704 4043 735 4095 15
755 4056 876 4107 cynarem
896 4041 925 4094 D
991 4043 1022 4094 16
1044 4038 1170 4092 nrisciobii
1193 4039 1221 4092 D
1285 4033 1451 4107 dispiciatD

296 4131 352 4184 ‘17
380 4132 552 4196 contempnat
579 4129 608 4182 D
679 4131 711 4182 18
739 4127 815 4180 dauit
836 4128 866 4180 D
937 4126 1094 4180 dicebatur
1117 4123 1279 4178 docebatD
1345 4127 1375 4180 19
1397 4135 1449 4175 cium

319 4215 433 4268 claruere
446 4215 484 4282 et]
499 4213 694 4267 conclamatum
708 4213 746 4266 ita
759 4215 829 4282 Ans).
883 4216 917 4268 20
930 4215 1084 4281 irragnusD
1137 4212 1256 4280 planctus
1272 4213 1300 4265 D
1347 4213 1376 4266 21
1391 4206 1449 4261 auii-

320 4303 391 4356 siouc
411 4303 439 4355 D
509 4303 542 4355 ‘23
562 4301 705 4368 repationis
725 4301 754 4354 D
822 4302 854 4356 2d
878 4301 1047 4371 propheticus
1067 4299 1132 4354 dicit
1151 4301 1230 4369 Auo,
1249 4293 1449 4366 ,plrheticnutD

319 4392 352 4452 27
372 4388 465 4442 solacis
486 4389 515 4444 D
