3320 5140
677 457 916 527 Prolegomena.
1276 459 1363 513 LXXI

230 633 354 698 Ruricio
373 634 471 698 irater
490 635 675 716 appellatur,
695 653 880 718 germanum
900 635 967 699 cius
987 635 1092 700 fuisse.
1128 635 1234 700 Fausti
1257 639 1363 699 autem

230 737 327 800 uerba
356 737 432 819 quin
462 738 499 802 de
526 737 654 802 Leontio
678 739 795 802 Ruricii
825 738 886 802 lilio
917 739 1128 822 intellegenda
1157 741 1229 821 sint,
1258 739 1363 804 nullus

229 841 346 906 dubito.
385 843 487 926 pergit
501 842 676 908 Krusohius
699 845 719 908 l.
736 844 773 906 l.:
797 864 873 927 quoa
888 841 982 924 filios
1004 842 1153 928 appellat
1170 843 1362 928 (Ruricius)

229 945 409 1023 Leontium,
433 946 613 1024 Rusticum,
641 945 807 1024 Seuerum,
836 947 952 1032 quaeri
973 957 1089 1033 potent,
1115 971 1192 1011 1111111
1214 945 1363 1010 caracter

231 1048 404 1136 intellegat.
443 1055 476 1116 at
502 1052 598 1116 fuisse
621 1053 785 1116 Leontium
812 1071 922 1116 reuera
948 1051 1048 1116 11111111
1070 1054 1227 1117 carnalem
1249 1053 1365 1118 Ruricii

229 1173 326 1238 supra
348 1156 552 1237 ostendimus
576 1159 684 1221 contra
706 1157 854 1222 Rusticus
878 1161 910 1221 11
932 1155 1065 1222 Seuerus
1088 1175 1150 1222 non
1177 1157 1277 1240 magis
1301 1157 1365 1220 Ru-

228 1261 297 1324 ricii
320 1261 374 1324 lilii
397 1265 495 1341 erant,
519 1279 613 1343 quam
636 1261 817 1344 Hesperiae,
842 1261 1026 1346 Capillutus,
1053 1262 1240 1342 Praesides,
1263 1261 1365 1326 Uitta·

230 1385 335 1429 merus
366 1366 417 1429 alii
440 1383 459 1429 a
480 1365 603 1430 Ruricio
634 1365 689 1430 tilii
718 1367 876 1449 appellati.
916 1367 1012 1430 immo
1043 1385 1116 1430 uero
1139 1366 1235 1449 patris
1259 1365 1365 1431 Seueri

228 1470 373 1534 Ruricius
395 1471 462 1552 ipse
485 1471 677 1536 mentionem
700 1471 774 1534 facit
796 1489 825 1552 p.
841 1469 950 1550 daal
975 1491 1051 1556 crgo
1073 1467 1364 1533 1111111111111111-

230 1573 303 1636 riae
327 1573 461 1658 patrie
488 1575 614 1637 aeetri
639 1595 703 1636 oon
726 1573 830 1636 sotum
853 1573 1008 1650 reticetis,
1035 1573 1091 1638 eod
1118 1573 1214 1638 etiam
1237 1573 1365 1637 cicietie

228 1677 389 1764 affectum.

275 1782 360 1862 Quae
394 1783 445 1848 hic
479 1784 723 1867 disputauimus,
764 1788 798 1847 11
835 1785 946 1848 melius
981 1785 1215 1868 intellegentur,
1250 1783 1365 1847 Ruricii

228 1891 367 1952 stemma
389 1889 522 1972 depingo
545 1889 652 1952 hocce:

418 2008 518 2061 Ruricii
536 2011 611 2077 pater
722 2007 872 2062 Ommatius
891 2007 1027 2062 Aruernus
1046 2008 1146 2062 Ruricii
1165 2023 1237 2060 socer

454 2147 576 2201 Ruricius
627 2151 658 2211 ><
712 2145 799 2200 Iberia
817 2163 881 2200 uror

641 2217 645 2288 1

103 2289 1165 2390 (mm
1175 2325 1204 2384 ><
1216 2320 1341 2388 Agricola
1358 2337 1438 2389 gener

319 2459 441 2513 Ruricius
460 2475 548 2528 nepos,
566 2459 637 2513 filins
657 2460 743 2513 nescio
763 2461 836 2513 cuine
1110 2459 1270 2512 Parthenius
1282 2465 1311 2522 ><
1324 2458 1472 2528 Papianilla

1170 2598 1273 2650 Ruricii
1290 2613 1420 2667 pronepos

231 2725 289 2788 Oui
311 2724 474 2788 stemmati
504 2723 581 2786 adde
605 2741 718 2786 nomen
742 2721 823 2786 filiae
847 2721 984 2786 Namatii
1012 2725 1043 2785 et
1065 2720 1245 2802 Ceraunios,
1277 2723 1367 2785 unius

231 2847 267 2892 ex
291 2828 361 2892 liliis
383 2827 498 2892 Ruricii
521 2827 634 2890 uxoris.

275 2933 416 2996 Ruricius
448 2933 571 3015 scripsit
601 2931 750 3014 epistulas
781 2931 813 2994 in
837 2932 913 2994 duos
936 2930 1032 2994 libros
1055 2931 1206 3010 redactas,
1238 2947 1367 3010 quorum

231 3037 314 3118 prior
336 3037 476 3100 continet
498 3036 647 3118 epistulas
674 3033 723 3115 18,
754 3036 904 3118 posterior
928 3033 1043 3098 61111
1067 3033 1118 3112 64,
1149 3034 1176 3096 si
1204 3035 1367 3116 epistulam

230 3140 283 3221 53,
307 3159 386 3223 quae
410 3141 448 3204 ad
472 3139 604 3204 uerbum
620 3140 785 3204 concordat
800 3158 872 3204 cum
888 3157 935 3220 ep.
956 3135 1005 3218 12,
1029 3139 1148 3202 librarii
1164 3156 1266 3202 errore
1281 3157 1368 3222 repe-

230 3248 320 3310 titam
348 3263 415 3309 esse
443 3263 514 3308 cum
537 3245 694 3308 Kruschio
722 3244 889 3316 existimas.
929 3243 1042 3324 quibus
1070 3243 1229 3306 addendae
1252 3241 1368 3306 111118

230 3351 383 3432 epistulae
407 3350 445 3413 ad
468 3349 627 3413 Ruricium
651 3349 786 3432 scriptae
809 3347 852 3431 (p.
869 3345 1055 3430 443-450)
1080 3351 1110 3410 et
1132 3347 1153 3410 5
1176 3347 1282 3411 Fausti
1306 3349 1369 3430 epi-

230 3455 331 3518 stulae
355 3454 393 3517 ad
409 3453 567 3518 Ruricium
591 3453 683 3516 datae
707 3451 749 3534 (p.
768 3449 961 3536 aot-219).
1001 3471 1101 3533 neque
1123 3451 1266 3515 homines
1282 3452 1369 3516 theo·

229 3559 292 3640 logi
323 3577 423 3639 neque
449 3557 589 3622 historici
616 3576 651 3620 er
680 3557 745 3620 eius
774 3556 914 3638 epistulis
942 3556 1076 3620 multum
1104 3557 1275 3636 lucrantur,
1306 3573 1366 3620 non

231 3665 314 3728 enim
340 3665 515 3726 tractantur
537 3663 570 3726 in
586 3663 629 3726 eis
645 3663 841 3743 quaestiones
858 3661 1059 3744 theologicae,
1083 3664 1119 3724 11
1133 3661 1164 3723 in
1181 3659 1366 3742 quibusdam

231 3767 339 3831 Fausti
351 3767 503 3850 epistulis,
519 3785 619 3848 neque
631 3766 671 3829 ad
682 3769 822 3848 tempora
834 3765 949 3830 Ruricii
965 3765 1137 3828 accuratius
1153 3765 1368 3848 cognoscenda

231 3872 331 3935 multa
347 3871 417 3934 inde
437 3870 540 3954 colligi
559 3873 699 3953 possunt,
723 3873 758 3933 ut
780 3889 816 3932 111
832 3867 947 3934 Sidonii
964 3869 1113 3951 epistulis.
1152 3887 1232 3950 quae
1248 3869 1287 3934 ad
1301 3887 1367 3934 rec-

230 3977 292 4040 tius
316 3974 542 4058 intellegendas
565 3991 617 4038 eas
641 3973 816 4038 necessaria
839 3993 907 4038 esse
931 3972 1128 4054 uidebantur,
1152 3991 1188 4036 ea
1211 3974 1242 4037 in
1266 3973 1365 4038 iudice

231 4081 394 4144 nominum
417 4082 449 4143 et
470 4097 575 4143 rerum
597 4077 733 4142 breuiter
756 4078 985 4143 adnotauimus.

275 4185 322 4248 De
345 4183 462 4248 Ruricii
486 4183 658 4249 elocutione
685 4186 786 4248 exstat
808 4182 924 4248 Sidonii
947 4183 1093 4247 indicium
1117 4182 1160 4265 (p.
1180 4179 1284 4262 138‚2
1301 4183 1365 4265 L.):

229 4285 343 4350 stilum
366 4295 512 4350 uestram
542 4295 666 4372 quauta
695 4286 864 4350 comitetur
891 4285 945 4350 oct
966 4285 1101 4372 flammo
1130 4307 1281 4348 1111111111
1311 4285 1365 4348 cel

232 4390 323 4454 undo
346 4411 535 4470 sermonum,
568 4389 705 4456 libertus
729 4411 912 4468 assererem,
942 4389 1019 4468 uisi,
1051 4389 1128 4456 dum
1153 4387 1365 4454 reclaudere
