3264 5134
328 463 372 527 20
794 463 815 516 Ι.
835 463 878 516 De
897 462 1007 531 gratia

328 639 453 720 quium:
491 657 562 703 non
595 657 659 723 ego
695 642 827 703 autem.
877 640 949 721 quia
986 641 1177 704 mentionem
1216 641 1311 704 solius
1349 639 1463 705 laboris

327 743 484 824 intulerat,
519 743 577 810 cito
608 742 695 825 quasi
726 743 765 806 ad
796 743 975 826 amplexum
1005 743 1114 806 matris
1145 744 1265 828 gratiae
1298 745 1465 808 recucurrit

327 847 447 910 dicens:
477 844 539 912 sed
566 848 689 931 gratia
715 847 772 911 dei
801 865 952 912 mecum.
990 848 1126 931 gratia,
1155 848 1265 931 inquit,
1294 848 1351 912 dei
1374 867 1461 912 sum.

326 952 443 1035 primas
466 957 570 1036 partes
594 953 651 1016 soli
673 953 792 1037 gratiae
816 953 865 1036 pie
882 951 1039 1017 subiectus
1056 953 1228 1037 adscripsit,
1253 953 1355 1018 media
1370 972 1464 1035 quae-

275 1076 287 1114 s
327 1075 386 1138 que
409 1056 509 1121 labori
532 1057 682 1141 magister
704 1056 917 1121 oboedientiae
941 1057 1112 1138 deputauit,
1143 1061 1310 1140 utrumque
1336 1058 1367 1122 in
1390 1076 1463 1123 con·

326 1162 532 1226 summatione
566 1161 744 1226 moderatus
782 1162 917 1244 gratiam
951 1161 1151 1243 laboremque
1185 1163 1352 1226 coniunxit.
1400 1180 1462 1226 non

325 1264 414 1329 dixit:
439 1282 495 1348 ego
519 1266 585 1330 sine
601 1266 702 1350 gratia
716 1266 767 1329 uel
790 1266 890 1348 gratia
913 1265 979 1330 sine
1003 1284 1063 1346 me,
1087 1255 1141 1330 scd
1163 1267 1288 1349 gratia
1310 1267 1369 1331 dei
1391 1285 1461 1330 mc-

324 1387 412 1433 cum.
456 1388 534 1452 quae
561 1371 648 1454 prins
677 1369 860 1453 singillatim
883 1369 1031 1434 distincta
1057 1371 1236 1453 protulerat,
1265 1370 1461 1453 quambene

324 1473 356 1536 iu
379 1474 531 1538 sermonis
562 1473 623 1538 fine
652 1475 802 1538 conexuit.
848 1492 883 1538 ac
911 1474 956 1538 sic
983 1475 1063 1557 apud
1093 1478 1306 1558 regeneratos,
1338 1475 1460 1557 quando

274 1597 298 1635 ιο
323 1577 424 1660 gratia
451 1578 517 1642 sine
545 1577 651 1643 labore
674 1578 725 1642 uel
752 1577 840 1643 labor
867 1579 933 1642 sine
960 1578 1060 1662 gratia
1088 1579 1119 1642 in
1143 1579 1302 1662 scripturis
1325 1579 1460 1662 ponitur,

323 1682 539 1765 supprimitur,
573 1700 635 1747 non
667 1686 837 1766 separatur.
884 1701 956 1746 cum
985 1701 1083 1746 unum
1114 1682 1181 1746 sine
1211 1683 1308 1747 altero
1339 1683 1459 1767 dicitur,

322 1789 443 1850 tacetur
466 1787 610 1868 alterum,
638 1803 698 1851 non
725 1789 857 1871 negatur
880 1786 1050 1850 secundum
1073 1787 1160 1851 illem
1183 1787 1334 1870 regulam,
1365 1805 1458 1869 quam

322 1891 452 1954 antistes
482 1889 680 1974 Augustinus
711 1891 866 1955 insinuat:
905 1909 975 1955 non
1010 1891 1132 1955 omnia
1162 1909 1253 1972 quae
1287 1893 1459 1954 tacentur

321 1999 515 2078 negantur

271 2119 294 2158 1⁵
365 2097 424 2164 Sed
448 2099 555 2163 etalio
578 2099 645 2164 loco
669 2099 745 2163 dicit
765 2099 938 2182 apostolus:
962 2099 1101 2184 castigo
1124 2118 1256 2183 corpus
1279 2117 1399 2164 mcum
1423 2103 1459 2164 et

319 2203 359 2267 in
383 2203 607 2267 seruitutem
630 2204 775 2287 redigo,
799 2223 842 2266 no
866 2203 977 2283 forte,
1006 2222 1085 2268 cum
1109 2204 1194 2268 aliis
1221 2203 1458 2285 praedicane-

318 2307 402 2386 rim,
435 2307 515 2388 ipse
548 2307 727 2390 reprobus
762 2307 920 2371 efficiar.
967 2325 1038 2371 ecce
1068 2308 1178 2372 beatus
1208 2308 1365 2391 apostolus
1394 2309 1456 2372 iam

319 2409 442 2474 Christo
465 2411 649 2492 adquisitus,
677 2411 739 2476 iam
763 2429 819 2475 uas
843 2411 1003 2475 electionis
1028 2411 1156 2476 effectus
1180 2429 1374 2494 nequaquam
1398 2411 1455 2476 snb

317 2516 442 2579 nomine
458 2515 747 2598 praedestinationis
764 2521 795 2580 et
809 2517 929 2600 gratiae
945 2517 1007 2580 otio
1031 2535 1144 2580 manus
1161 2517 1290 2596 relaxat,
1314 2517 1368 2580 sed
1384 2535 1456 2580 cum

267 2639 291 2676 ao
318 2619 367 2682 dei
394 2619 551 2683 beneficiis
584 2623 712 2684 conatus
741 2638 813 2684 suos
841 2621 944 2704 iungit
974 2625 1005 2685 ct
1033 2621 1120 2685 dicit:
1151 2622 1296 2705 castigo
1324 2639 1455 2704 corpus

317 2743 436 2787 meum
460 2727 496 2788 et
517 2725 555 2788 in
578 2725 804 2789 seruitutem
830 2724 967 2808 redigo.
1014 2743 1085 2789 ecce
1108 2726 1171 2789 iam
1193 2726 1289 2809 partis
1313 2725 1454 2789 dexterae

317 2828 407 2892 miles
431 2831 493 2908 est,
522 2832 553 2893 et
580 2829 661 2909 uide,
690 2829 842 2911 quomodo
870 2829 1039 2912 periclitari
1065 2829 1178 2893 metuit
1205 2830 1269 2893 iam
1295 2829 1454 2912 probatus,

317 2931 470 3013 quomodo
493 2931 652 3014 reprobari
675 2932 866 3016 pertimescit
890 2933 1016 2997 electus.
1062 2934 1125 2996 iam
1148 2932 1311 2998 uictoriam
1334 2934 1366 2997 in
1389 2951 1455 2996 ma-

317 3036 408 3100 nibus
437 3035 534 3101 habet
562 3041 593 3101 et
622 3037 754 3101 necdum
782 3055 870 3101 arma
893 3037 1028 3118 deponit,
1056 3037 1120 3101 iam
1147 3037 1313 3119 perductus
1342 3041 1389 3100 est
1415 3037 1454 3100 ad

265 3159 290 3196 co
317 3140 512 3223 triumphum
536 3145 566 3204 et
589 3139 689 3205 adhuc
712 3141 841 3204 militiae
863 3141 1057 3224 pertimescit
1084 3145 1243 3206 euentum.
1281 3159 1453 3224 quaecum

314 3245 358 3307 ite
385 3245 462 3325 sint,
490 3245 630 3328 perspice
658 3248 688 3308 te
716 3262 780 3308 non
807 3248 916 3309 contra
942 3245 1098 3309 infirmam
1126 3263 1355 3327 quamcumque
1385 3264 1453 3327 per·

316 3367 440 3429 sonam,
479 3350 534 3413 sed
565 3352 674 3413 contra
708 3349 823 3412 summi
858 3349 989 3432 apostoli
1024 3349 1195 3413 doctrinam
1231 3349 1326 3414 armis
1364 3349 1453 3431 impii

315 3453 425 3516 erroris
442 3453 603 3536 insurgere
618 3456 650 3516 et
666 3451 799 3533 Christo,
816 3453 868 3535 qui
884 3452 966 3516 intra
983 3471 1053 3516 eum
1069 3453 1214 3534 loquitur,
1231 3453 1450 3516 contradicere.

315 3557 451 3638 dumque
474 3555 588 3621 laboris
612 3558 775 3621 seruitium
798 3560 830 3621 et
852 3557 960 3622 orandi
983 3575 1093 3622 causus
1116 3557 1238 3638 adimis,
1261 3558 1384 3621 ianuam
1403 3575 1452 3620 sa-

262 3680 287 3718 ec
315 3661 392 3724 lutis
415 3661 553 3726 humano
580 3661 687 3744 generi
710 3661 915 3725 intercludere
946 3665 977 3724 tc
1008 3679 1141 3744 agnosce
1165 3665 1207 3742 et,
1230 3661 1305 3725 dum
1333 3661 1450 3744 Pelagii

420 3867 464 3936 15]
485 3870 498 3922 1
518 3865 577 3922 cor.
597 3869 621 3933 o,
634 3869 675 3922 cc.

356 4033 537 4088 2recurrito
591 4032 718 4101 3inquid
737 4033 765 4087 P
815 4032 908 4101 cpias
926 4034 954 4087 P
1004 4035 1197 4101 5utrumquae
1216 4031 1243 4085 P
1293 4031 1452 4100 6gratiaP

312 4145 497 4214 laboremquae
514 4147 541 4200 P
609 4145 793 4214 8singilctim
811 4145 838 4198 P
896 4147 925 4200 ll
945 4111 1026 4198 ungm
1039 4147 1080 4199 P¹
1133 4145 1216 4198 altero
1229 4145 1334 4214 scripsi,
1348 4143 1401 4197 alto
1415 4144 1449 4210 P,

313 4231 392 4288 alico
428 4234 460 4288 13
479 4232 613 4286 antistites
631 4234 659 4287 P
712 4232 850 4300 agustinus
869 4233 896 4285 P
943 4235 974 4287 19
992 4231 1261 4303 predistinaticnisP
1311 4229 1356 4284 scd
1374 4229 1447 4298 cum]

311 4319 456 4372 secundum
475 4321 503 4374 P
578 4321 819 4375 accusationes
843 4320 870 4372 P
944 4321 973 4375 21
1005 4319 1109 4372 dextrae
1128 4337 1144 4373 c
1219 4321 1252 4374 29
1275 4317 1405 4386 dumquee
1423 4319 1451 4371 P

311 4406 411 4461 adimes
431 4409 458 4461 P
