3222 5144
628 487 678 542 111.
697 486 850 556 Epistula
869 489 978 542 10-11.
1313 484 1375 550 217

236 657 374 738 luuntur,
402 659 437 720 ut
459 656 509 720 hic
532 659 659 720 aelerna
680 654 794 738 gaudia
816 653 957 719 fidelium
980 653 1153 718 studiorum
1175 653 1281 718 labore
1304 672 1377 718 con·

236 765 396 844 parentur.
441 761 495 826 illa
517 760 642 844 quidem
671 760 737 825 nito
758 759 933 844 praemium
955 758 1046 824 istius
1069 757 1137 840 erit,
1168 759 1222 824 sed
1246 762 1377 843 oportet,

238 870 275 930 nt
296 865 380 932 illius
402 866 465 930 ista
486 865 529 930 sit
550 866 697 948 pretium.

281 970 431 1035 Praelatis
452 970 557 1052 itaque
581 969 737 1053 obsequiis
760 987 886 1052 quaeso,
910 971 955 1049 ut,
980 985 1051 1032 cum
1075 987 1108 1032 sc
1131 968 1264 1034 facultas
1287 989 1378 1053 opor-

237 1079 316 1140 tuna
336 1073 524 1158 praebuerit,
546 1075 681 1159 gaudere
705 1093 761 1140 nos
784 1074 822 1137 de
845 1077 951 1138 uestra
973 1073 1122 1156 sospitate
1137 1091 1174 1138 ac
1189 1077 1377 1159 proprietate
1415 1103 1428 1146 a

237 1179 370 1244 faciatis.
415 1197 471 1263 pro
501 1179 574 1244 filiis
605 1183 637 1244 et
666 1179 844 1244 diaconibus
875 1177 954 1242 mais
986 1177 1097 1242 uberes
1127 1178 1227 1244 refero
1249 1181 1378 1264 gratias,

237 1283 386 1348 domnam
409 1283 506 1348 tiliam
530 1302 634 1348 meam
656 1283 813 1368 roligionis
836 1282 998 1366 speculum
1014 1285 1046 1348 ot
1060 1282 1185 1366 pietatis
1201 1286 1378 1368 exemplum

237 1387 342 1454 debito
373 1389 460 1453 cultu
490 1391 656 1454 ueneratus
687 1388 797 1453 saluto.
845 1386 989 1452 dominus
1020 1386 1096 1452 dans
1126 1389 1233 1453 noster
1257 1391 1379 1474 magni-

238 1491 393 1558 ficandam
416 1493 492 1558 mibi
516 1493 688 1559 bonitatem
711 1495 850 1558 uestram
873 1495 904 1556 ot
923 1491 1139 1576 praesentibus
1155 1493 1275 1577 repleat
1290 1493 1378 1560 bonis

237 1601 270 1662 et
285 1597 413 1682 dignam
428 1597 539 1662 reddat
554 1598 698 1678 aeternis,
722 1597 847 1664 domine
863 1596 1096 1662 deuinctisaime
1111 1597 1274 1664 ethonore
1289 1618 1379 1683 prae·
1406 1627 1432 1669 ιο

236 1702 328 1788 cipuo
352 1703 526 1790 specialiter
549 1703 714 1768 excolende
737 1701 792 1768 fili.
874 1716 877 1722 ’

777 1945 833 2014 XI.

239 2109 360 2152 nomino
382 2110 568 2152 cmrlssmo
591 2111 631 2152 nn
654 2109 760 2152 sunno
782 2108 853 2150 unm
872 2107 998 2150 HONOBB
1013 2109 1098 2151 ANTE
1112 2109 1214 2152 OMNES
1230 2109 1379 2154 SINGULA·

341 2198 437 2239 mrum
459 2197 644 2240 EXGOLENDO
667 2197 782 2239 nanum
804 2195 931 2238 suuncio
953 2195 1104 2238 umacol’o
1127 2197 1277 2242 FAUS'I'US.

284 2332 385 2398 Tanta
415 2333 491 2398 mihi
521 2333 559 2396 de
589 2333 687 2398 animi
716 2334 814 2398 uestri
844 2333 1039 2417 benignitate
1062 2331 1176 2398 fiducia
1198 2336 1255 2414 est,
1285 2337 1321 2398 ut
1344 2353 1379 2398 ex
1407 2361 1432 2400 m

241 2437 306 2502 eins
330 2437 416 2503 fonto
439 2438 606 2521 purissimo
629 2456 691 2503 non
715 2438 777 2502 iam
801 2439 885 2502 solus
908 2438 1032 2502 haurire
1049 2439 1214 2502 contentus
1231 2437 1301 2518 sim,
1326 2439 1380 2503 sed

240 2541 317 2606 alios
343 2559 475 2624 quoque,
506 2543 558 2624 qui
582 2543 648 2606 eius
671 2561 729 2606 usu
753 2559 877 2606 mecum
900 2541 1089 2622 reficiantur,
1119 2541 1261 2623 inuitam,
1291 2559 1380 2626 prae·

241 2646 351 2710 sertim
381 2664 453 2710 cum
483 2651 649 2731 prorogata
678 2647 770 2711 huius
799 2647 930 2730 largitas
957 2647 989 2710 in
1012 2647 1133 2710 lucrum
1158 2649 1298 2712 transeat
1319 2648 1381 2712 lar·

239 2750 356 2834 gientis
387 2751 515 2833 eiusque
543 2751 624 2817 bono
655 2753 699 2816 ita
729 2755 909 2816 muneretur
939 2752 1103 2834 accipisne,
1134 2755 1170 2816 ut
1196 2769 1257 2816 non
1280 2753 1381 2818 mino·

239 2859 326 2920 retur
359 2857 529 2940 impertiens
563 2861 595 2921 et
626 2857 659 2922 in
693 2875 812 2922 morem
841 2857 957 2922 fenoris
991 2857 1040 2920 sui
1073 2859 1193 2922 crescat
1226 2859 1379 2940 expensis,
1407 2881 1432 2922 ao

241 2961 366 3026 domino
395 2961 576 3026 beatissime
604 2967 636 3026 et
662 2980 786 3027 summo
809 2962 886 3026 mihi
907 2961 1023 3028 honore
1047 2963 1119 3026 aute
1141 2979 1250 3028 omues
1273 2962 1380 3046 singu-

240 3065 349 3130 lariter
376 3066 550 3132 excolende.
1419 3143 1424 3154 ²

284 3169 343 3234 His
373 3171 477 3252 itaque
501 3171 638 3235 canulis
660 3170 897 3236 inexsolubilem
920 3170 1114 3253 pensionem,
1147 3189 1208 3252 qua
1230 3171 1380 3236 soluentis

241 3275 344 3358 magis
366 3293 479 3340 census
503 3275 630 3356 (litatur,
655 3274 782 3340 exhibeo
806 3279 837 3340 ct
852 3276 1015 3340 materiam
1032 3275 1106 3339 boni
1121 3275 1222 3358 operis
1238 3276 1381 3359 ingerere

240 3395 297 3462 pro
311 3378 511 3444 laborantum
528 3380 797 3446 commendatione
813 3397 988 3462 praesumo.
1021 3380 1111 3462 quasi
1135 3380 1380 3444 insinuationem
1407 3405 1433 3446 se

240 3501 346 3548 mecm
369 3484 408 3548 aa
435 3483 572 3548 fructum
603 3488 744 3548 uestrum
774 3483 930 3568 portinere
958 3483 1078 3549 confido
1110 3487 1141 3547 et
1169 3483 1238 3548 ideo
1262 3484 1382 3548 miseri·

241 3588 389 3670 cordiam,
418 3606 513 3671 quam
536 3589 658 3654 miseris
682 3588 894 3654 ecclesiastica
916 3587 1064 3673 praebere
1087 3588 1250 3653 consueuit
1271 3587 1381 3653 humo·

242 3693 335 3774 nitas,
357 3693 472 3758 harum
493 3694 644 3778 portitori,
667 3694 720 3776 qui
742 3693 775 3758 in
791 3693 992 3777 augaunensi
1012 3693 1140 3776 pertulit
1155 3693 1381 3776 captiuitatem,

288 3919 421 3988 llabore]
444 3935 472 3973 ro
495 3920 601 3976 sublato
619 3917 683 3972 bore
705 3917 768 3972 odd.
783 3920 947 3974 Sinuarec.
1011 3915 1136 3972 uilloc
1196 3915 1383 3986 ‹lprelotisS

242 4008 360 4078 quosoS
406 4009 581 4077 opportunos
638 4003 845 4074 aprebuerios
894 4005 1066 4074 sospitate&
1122 4003 1246 4059 8debito
1266 4003 1339 4058 cultu
1359 4021 1381 4073 o,

242 4094 316 4149 oieb&
335 4094 480 4150 occrnltuS
530 4092 833 4163 SmngnillcandumS
890 4089 1151 4162 9proesentibusS
1207 4093 1240 4147 10
1258 4089 1382 4145 deuictis·

242 4183 346 4238 simeS
390 4185 421 4237 17
435 4181 549 4235 inuicem
565 4183 587 4236 S
628 4179 806 4250 presertimS
852 4179 996 4235 coroneris
1011 4177 1237 4246 solemnem.)
1284 4180 1383 4246 litque

242 4270 349 4338 scripsi,
371 4284 423 4337 quo
443 4269 466 4324 S
527 4271 561 4323 24
580 4267 682 4321 ditatur
699 4269 805 4337 scripsi,
825 4266 923 4320 dilator
943 4267 974 4335 S,
997 4264 1137 4328 dilutura,
1162 4263 1289 4318 dilatator
1308 4265 1381 4320 Kra-

242 4357 333 4412 sotios
393 4357 426 4412 25
445 4371 567 4426 prosumo
587 4356 610 4410 S
670 4354 745 4424 quasi
763 4355 870 4424 scripsi,
888 4353 952 4422 qnia
971 4353 991 4408 si
1014 4353 1042 4420 S,
1061 4352 1123 4421 quio
1141 4353 1300 4420 Momasson,
1319 4351 1381 4421 quio

243 4441 327 4496 etsio
383 4443 415 4498 27
435 4439 586 4511 preberet*
636 4443 670 4497 28
689 4441 857 4511 portitoris
