3264 5134
676 499 771 554 Liber
791 500 819 554 II
840 503 878 556 12.
1117 497 1120 504 ’
1303 501 1346 566 93

251 673 311 740 Sed
334 675 481 740 hocloco
505 676 659 740 sollicitus
679 675 822 740 intendat
845 676 965 740 auditor
985 677 1102 741 auctori
1118 694 1251 758 summo,
1274 695 1346 741 eum
1412 743 1413 746 ,

208 779 368 845 hominem
390 780 548 862 plasmare
571 779 756 862 disponeret,
780 780 908 861 auctori,
932 781 1071 863 inquam,
1095 799 1218 846 summo
1241 783 1272 845 in
1289 782 1346 844 rni-

208 883 370 949 nisterinm
394 889 425 948 et
448 885 613 949 consilium
635 884 771 949 hominis
792 883 966 948 fabricandi
982 889 1127 967 quattuor
1142 885 1267 950 astitere
1283 885 1346 949 uir-

207 991 299 1053 tutes.
353 1007 433 1072 quae
467 991 635 1071 quattuor?
688 989 828 1071 potentia
857 989 980 1071 utique,
1018 989 1158 1070 bonitas,
1193 988 1348 1073 sapientia

208 1095 300 1174 atque
331 1093 459 1157 iustitia.
505 1096 540 1157 tu
570 1093 650 1173 uide,
681 1111 776 1175 quam
807 1093 863 1158 deo
894 1112 930 1157 er
959 1093 1008 1157 his
1039 1097 1184 1176 quattuor
1210 1093 1345 1157 defuisse
1385 1120 1398 1160 e

208 1215 391 1280 praesumas
425 1215 573 1262 asserere.
627 1197 731 1278 itaque
761 1198 800 1261 ad
830 1197 1025 1262 intellectum
1056 1198 1230 1262 euidentius
1261 1198 1346 1262 oolli-

206 1301 344 1384 gendum
367 1302 535 1384 proferant,
566 1302 592 1365 si
614 1302 726 1386 placet,
753 1301 893 1386 singulae
916 1302 995 1366 istae
1018 1302 1150 1366 uirtutes
1173 1303 1260 1384 quasi
1283 1305 1346 1366 tra·

207 1410 309 1470 clatus
345 1410 377 1470 et
410 1407 620 1471 adlocutiones
655 1425 737 1471 suas.
797 1407 936 1490 potentia
966 1407 1060 1470 dicat:
1095 1406 1245 1470 faciamus
1275 1409 1346 1488 post

206 1511 283 1574 caeli
313 1529 447 1594 regnum
469 1511 501 1574 in
525 1510 669 1575 secundis
692 1509 868 1575 mirabilem
893 1515 1077 1591 creaturam,
1108 1529 1147 1574 ne
1169 1512 1202 1574 in
1224 1510 1346 1592 imperii

207 1614 305 1679 nostri
327 1615 535 1698 possessione,
559 1633 636 1698 quae
659 1615 761 1699 prima
783 1619 867 1695 sunt,
890 1616 967 1679 haec
990 1615 1085 1679 etiam
1107 1614 1271 1678 uideantur
1294 1633 1345 1678 ex·
1372 1643 1397 1681 ro
1441 1599 1443 1604 ¹

207 1721 316 1783 treme.
362 1719 456 1784 istam
486 1719 660 1802 speciosam
682 1719 791 1784 mundi
814 1719 991 1784 machinam
1015 1737 1279 1799 consummemus,
1310 1723 1345 1782 ut

206 1823 236 1886 in
264 1841 301 1886 ea
323 1823 484 1888 hominem
506 1825 670 1905 faciamus,
702 1828 733 1888 et
755 1823 983 1906 praeficiamus,
1013 1843 1069 1906 per
1092 1842 1185 1905 quern
1208 1822 1344 1888 mundus

206 1929 375 2008 ordinetur,
398 1929 603 2012 possideatur,
627 1933 763 1994 ornetur.
805 1928 929 1992 bonitas
952 1929 1048 1992 dicat:
1072 1928 1120 1992 fas
1143 1945 1206 1992 non
1230 1930 1286 2008 est,
1310 1931 1345 1990 ut

206 2032 272 2096 sola
301 2031 459 2097 benefieiis
490 2033 604 2097 nostis
635 2033 783 2097 caelestia
811 2032 1019 2116 perfruantur.
1068 2032 1220 2096 faciamus
1251 2035 1283 2096 et
1311 2031 1343 2094 in

206 2139 288 2200 terra
310 2136 480 2218 hominem,
504 2138 586 2201 circa
608 2156 702 2220 quem
725 2137 950 2202 abundantiam
972 2137 1091 2221 gratiae
1114 2139 1239 2202 nostrae
1259 2155 1344 2201 exer·
1372 2161 1396 2202 1⁵

207 2258 343 2322 neamus,
367 2241 448 2305 circa
471 2260 564 2323 quem
587 2241 816 2306 beniuolentiae
838 2259 969 2306 munera
991 2241 1168 2322 dilatemus,
1195 2241 1227 2304 in
1251 2259 1345 2322 quem

205 2345 331 2428 pietatis
361 2345 520 2429 ingenitae
550 2346 673 2410 diuitias
699 2346 934 2428 profundamus.
980 2346 1134 2428 sapientia
1156 2346 1251 2410 dieat:
1282 2363 1344 2410 non

206 2449 308 2513 solum
331 2449 494 2531 faciamus,
518 2449 572 2514 sed
596 2451 691 2515 etiam
715 2469 808 2515 sensu
831 2451 958 2516 rationis
982 2468 1019 2514 uo
1039 2449 1231 2514 discretionis
1247 2449 1345 2514 hono·

208 2571 324 2634 remus
347 2554 530 2636 prudentiae
553 2555 671 2620 lumine
693 2555 880 2638 repleamus
911 2555 1064 2619 faciamus
1088 2554 1271 2636 simplicem,
1297 2554 1344 2617 fa-

207 2657 327 2721 ciamus
351 2660 499 2722 astutum.
539 2658 722 2741 slmplicsm,
754 2678 792 2723 ne
816 2659 935 2723 malurn
959 2659 1089 2722 callidus
1111 2658 1234 2738 inferat,
1258 2661 1344 2721 astu·
1369 2683 1395 2722 so

206 2764 284 2841 tum,
307 2780 347 2826 ne
370 2762 513 2827 incautus
536 2763 682 2828 incurrat
718 2763 911 2828 insinuemus
935 2763 963 2828 ei
979 2762 1126 2827 affectum
1147 2761 1229 2841 boni,
1253 2761 1344 2826 intel-

206 2864 321 2930 lectum
345 2865 421 2930 mali
444 2869 475 2932 et
496 2867 582 2932 iuxta
604 2866 864 2952 gubernationem
880 2870 1019 2932 nostram
1034 2867 1255 2948 permittamus
1272 2883 1344 2930 eum

207 2969 239 3032 in
262 2987 359 3034 mann
381 2971 500 3036 consilii
523 2972 570 3036 sui
594 2989 630 3036 ac
652 2971 768 3056 proprii
790 2973 823 3036 in
846 2971 990 3036 libertate
1012 2971 1124 3036 iudicii.

249 3073 378 3139 Tractat
399 3076 480 3139 inter
502 3075 579 3140 haec
602 3093 709 3141 secum
731 3076 881 3160 potentia,
904 3075 954 3140 cui
976 3076 1059 3140 ineat
1082 3079 1113 3140 ct
1127 3075 1341 3158 praescientia

206 3179 280 3260 quid
303 3179 437 3263 agimus,
467 3180 548 3261 quod
574 3199 656 3260 eum,
687 3181 713 3244 si
736 3179 864 3245 arbitrio
888 3197 944 3244 suo
967 3180 1175 3264 permittimus
1198 3179 1342 3260 liberum,
1369 3204 1395 3244 re

206 3283 240 3346 in
269 3284 390 3366 peceati
420 3283 512 3348 denia
540 3285 772 3368 praenoscimus
803 3286 1005 3349 transiturum
1036 3289 1068 3350 et
1089 3285 1240 3368 pretiosae
1263 3285 1344 3349 dona

205 3387 345 3452 facturae
379 3405 602 3454 conuersurum
633 3408 701 3454 esse
732 3390 951 3472 praeuidemus
982 3389 1020 3454 ad
1050 3389 1261 3454 instrumenta
1289 3407 1343 3451 ne·

205 3493 344 3574 quitiae?
389 3496 421 3557 et
449 3493 517 3558 ideo
548 3494 574 3558 si
604 3511 681 3578 opus
711 3495 743 3558 in
774 3512 810 3558 eo
840 3497 981 3559 nostrum
1012 3495 1156 3558 uolumus
1184 3511 1252 3558 esse
1273 3511 1343 3575 per-

205 3601 346 3680 petuum,
370 3597 516 3662 tollamus
540 3598 568 3662 ei
590 3598 627 3662 de
650 3601 804 3681 potestate
827 3601 1000 3682 peecatum.
1035 3598 1108 3662 dicit
1125 3599 1256 3662 iustitia:
1280 3615 1343 3662 non

206 3701 251 3765 ita
273 3705 328 3766 est.
368 3719 429 3767 non
453 3702 591 3785 conpetit
612 3702 734 3786 legibue
757 3703 883 3783 nostris,
906 3707 942 3766 ut
963 3703 1001 3784 is,
1024 3721 1119 3786 quem
1142 3703 1342 3768 adornaris
1368 3726 1395 3768 so
1492 3677 1495 3684 ‚

204 3809 328 3888 oportet
349 3804 486 3889 probari,
509 3807 547 3870 de
570 3805 689 3872 unibus
711 3807 777 3872 suis
800 3825 862 3872 non
884 3808 982 3891 possit
1004 3807 1139 3890 agnosci.
1185 3825 1246 3872 non
1269 3825 1342 3872 oon·

252 3989 351 4042 lcum
372 3985 512 4042 sollicitius
530 3987 720 4046 cantandam?
772 3987 881 4044 indata
933 3987 1144 4043 dminiateriom
1161 3987 1198 4042 Ρ1
1254 3987 1342 4044 4011-

205 4113 273 4168 quae
291 4099 319 4155 P
388 4099 524 4170 dodonae
542 4101 570 4156 P
632 4101 774 4170 ditaquae
791 4101 820 4156 P
882 4100 1055 4172 iprolerunt
1072 4102 1101 4156 P
1166 4057 1291 4158 OcceuP
1306 4101 1342 4169 (li

204 4187 351 4254 moaclt.)
405 4189 437 4244 10
455 4191 543 4242 1100110
561 4189 590 4243 P
641 4191 672 4244 ll
691 4188 743 4242 iate
760 4188 789 4243 P
842 4189 875 4244 12
892 4187 1085 4258 praese-ciamus
1103 4189 1131 4243 P
1182 4187 1297 4258 1400101
1316 4190 1344 4243 P

207 4275 240 4329 15
261 4273 446 4330 habundantia
466 4275 494 4330 P
563 4277 596 4331 16
619 4273 815 4330 beniuolentiae
838 4277 865 4330 P
933 4291 1028 4345 quaem
1048 4277 1076 4331 P
1146 4277 1177 4332 19
1195 4275 1297 4346 lumine
1316 4277 1344 4330 P

205 4361 241 4416 23
259 4360 352 4416 consili
370 4361 398 4416 P
448 4361 632 4432 nepotesue]
652 4363 815 4434 sapientiae
866 4363 900 4419 25
918 4363 940 4416 si
958 4381 1043 4420 00110
1100 4365 1134 4419 26
1151 4363 1297 4434 praetiosae
1315 4363 1344 4417 P

206 4449 241 4504 28
258 4451 401 4518 pepetunm
420 4449 447 4504 P
498 4451 532 4506 29
550 4449 574 4504 01
591 4451 698 4520 ratpot,
716 4467 776 4504 curn
795 4451 822 4504 P
