3222 5144
647 397 713 454 1111.
733 398 842 454 Sermo
860 401 885 454 7.

729 627 800 692 VH.

643 773 686 813 ΒΕ
706 770 887 813 mmmm.

239 893 393 974 Proxime,
426 893 538 956 iratres
569 891 736 972 carissimi,
772 891 838 954 eius
869 889 926 954 dici
959 890 1179 974 redemptionis
1211 893 1334 954 nostrae

195 997 423 1064 celebrauimue
446 1003 688 1076 sacramentum,
712 1012 772 1078 quo
796 996 872 1060 deus
895 995 1055 1060 hominem
1078 1013 1149 1059 cum
1172 993 1335 1060 infirmita·

196 1102 280 1167 tibus
303 1103 413 1168 induit.
459 1101 551 1167 hodie
577 1119 652 1166 uero
675 1100 752 1164 illud
776 1100 959 1179 excolimus,
987 1117 1047 1181 quo
1071 1119 1105 1164 se
1128 1100 1204 1164 deus
1226 1100 1259 1164 in
1281 1099 1337 1164 ho·
1376 1129 1389 1167 ⁵

194 1208 281 1273 mine
304 1206 472 1272 uirtutibus
496 1205 666 1271 declarauit
687 1223 742 1288 pro
765 1222 811 1284 eo,
842 1205 923 1286 quod
945 1205 977 1268 in
1000 1203 1058 1268 bac
1085 1203 1133 1268 die
1161 1204 1227 1268 siue
1250 1203 1336 1268 caelo

195 1313 321 1378 stellam
351 1315 438 1376 ortus
470 1311 518 1376 sui
541 1310 687 1375 nuntium
709 1307 862 1391 praebuit,
893 1308 960 1372 siue
984 1307 1065 1391 quod
1087 1309 1119 1372 in
1143 1307 1229 1374 Cana
1251 1306 1337 1374 Gali·

194 1418 283 1483 laeae
316 1417 348 1481 in
382 1415 524 1481 conuiuio
560 1414 692 1498 nuptiali
727 1431 824 1495 aquas
859 1413 892 1478 in
926 1412 1035 1478 uinum
1068 1413 1232 1494 conuertit,
1268 1413 1335 1478 siue
1414 1471 1415 1474 ,

194 1521 277 1602 quod
299 1521 332 1586 in
351 1520 492 1584 Iordanis
515 1519 606 1584 undis
629 1537 726 1600 aquas
750 1517 788 1582 ad
810 1517 1037 1600 reparationem
1059 1517 1190 1582 humani
1211 1519 1334 1602 generis

194 1643 251 1689 suo
273 1624 430 1707 baptismo
453 1623 656 1703 consecrauit,
680 1623 746 1686 siue
769 1621 851 1704 quod
874 1621 912 1685 de
928 1621 1064 1704 quinque
1087 1621 1220 1705 panibus
1244 1622 1334 1704 quin·
1363 1651 1387 1688 ιο

194 1748 255 1810 que
279 1729 366 1794 milia
388 1729 552 1794 bominum
568 1727 704 1792 satiauit.
735 1727 768 1790 in
784 1725 922 1808 quolibet
943 1726 1056 1791 horum
1080 1726 1189 1790 salutis
1209 1729 1334 1791 nostrae

194 1834 343 1916 mysteria
365 1833 564 1916 continentur
592 1835 624 1896 et
646 1831 768 1916 gaudia.
813 1830 903 1894 nobis
927 1830 1012 1896 enirn
1036 1849 1072 1895 er
1099 1831 1219 1915 uirgine
1242 1835 1335 1896 natus

195 1943 259 2018 est,
291 1938 372 2020 qnod
403 1937 496 2002 stella
525 1936 722 2002 monstrauit.
773 1952 830 2000 nos
860 1935 894 1998 in
924 1935 1037 2001 melius
1069 1954 1137 2000 esse
1167 1936 1335 2000 mutandos

194 2043 295 2126 operis
326 2042 477 2106 miraculo
506 2046 538 2106 et
566 2058 716 2123 equarum
749 2039 951 2104 conuersione
981 2040 1135 2124 signandi,
1167 2039 1256 2105 nobis
1286 2059 1335 2104 re-

194 2146 300 2212 medie
334 2146 470 2228 prouidit
500 2165 536 2210 ex
566 2144 739 2227 baptismo,
779 2144 862 2225 quod
891 2144 923 2207 in
953 2143 1095 2208 Iordanis
1127 2145 1215 2209 alueo
1245 2162 1335 2226 prae·
1363 2173 1386 2211 rc

195 2249 273 2331 buit,
308 2250 499 2333 prouocauit.
546 2253 578 2314 et
611 2249 693 2329 ideo,
728 2249 840 2314 fratres
875 2249 1037 2329 carissimi,
1075 2249 1107 2314 in
1142 2249 1228 2314 omni
1262 2253 1335 2314 actu

193 2358 300 2418 nostro
334 2354 460 2420 stellam
494 2353 565 2418 fidei
598 2353 812 2436 praeferemus
847 2357 879 2418 et
915 2353 948 2418 in
982 2353 1156 2418 custodiam
1189 2353 1334 2436 puritatis

195 2457 312 2523 Christi
342 2458 536 2542 baptismum
564 2458 767 2537 celebremus,
799 2457 873 2539 quia
900 2461 931 2520 et
959 2457 1036 2522 baec
1064 2456 1178 2523 Christi
1206 2476 1334 2542 regene-

193 2563 273 2627 ratio
297 2565 369 2626 tuae
392 2561 465 2626 fidei
488 2561 682 2627 confirmatio
706 2565 764 2626 est.
809 2561 980 2625 insinuarit
1004 2562 1088 2624 enim
1115 2560 1172 2626 tibi
1195 2563 1333 2626 muneris

193 2669 242 2732 sui
257 2665 444 2732 beneficium
465 2687 520 2750 per
543 2667 698 2731 secundae
721 2665 895 2730 natiuitatis
919 2665 1096 2749 exemplum
1120 2669 1160 2745 et,
1184 2665 1265 2748 qnod
1287 2665 1333 2729 fa
1360 2693 1386 2730 oo

192 2790 262 2836 cere
286 2775 318 2836 te
341 2771 451 2852 uoluit,
474 2771 558 2855 prior
581 2771 662 2834 feeit.

235 2875 385 2958 Legimus
408 2875 540 2940 Iudaeos
564 2875 688 2939 diuersa
710 2874 768 2938 snb
791 2875 861 2958 lege
884 2873 1032 2938 babuisse
1055 2874 1256 2956 baptismata,
1279 2875 1333 2938 sed

191 2979 315 3044 nullum
339 2997 375 3042 er
398 2979 448 3044 his
464 2983 572 3044 contra
593 2979 870 3061 praeuaricationis
891 2979 1011 3042 malurn
1033 2979 1212 3062 generalem
1234 2979 1335 3062 potuit

190 3085 332 3149 conterre
356 3083 552 3148 medicinam.
596 3089 627 3146 et
649 3084 717 3148 ideo
739 3101 795 3165 pro
819 3082 1013 3148 absolutione
1035 3083 1131 3147 totius
1155 3083 1264 3147 mundi
1286 3083 1335 3148 in-

190 3187 341 3273 digebant
364 3189 606 3273 regenerationis
630 3205 728 3270 aquae
752 3187 883 3252 caelitus
907 3185 1092 3252 sanctificari
1116 3192 1157 3267 et,
1185 3188 1258 3270 quia
1279 3207 1335 3270 per
1361 3215 1387 3254 rc

190 3293 376 3358 uniuersum
391 3292 543 3357 mundum
560 3297 792 3357 sacramentum
816 3291 963 3375 bapb'smi
980 3291 1118 3356 hnmano
1133 3293 1241 3376 generi
1256 3310 1334 3375 opns

189 3403 268 3478 eret,
296 3397 441 3463 omnibus
469 3398 556 3479 equis
584 3397 832 3461 benedictionem
861 3395 954 3476 dedit,
983 3396 1107 3478 quando
1134 3396 1166 3460 in
1192 3396 1334 3462 Iordanis

189 3503 280 3567 alueo
302 3501 395 3566 unica
414 3519 449 3565 ee
473 3501 621 3586 singulari
644 3501 759 3584 pietate
776 3499 944 3566 descendit.
983 3505 1059 3565 tunc
1074 3501 1157 3566 enim
1174 3499 1333 3566 Christum

232 3721 249 3773 2
268 3717 363 3787 incipit
382 3716 414 3771 de
427 3717 569 3787 epiphania
585 3718 614 3771 iu
632 3717 732 3786 uigiliis
751 3715 863 3771 dicenda
881 3718 911 3772 D
963 3721 980 3773 3
998 3717 1041 3772 die
1059 3719 1089 3772 D
1141 3719 1157 3772 6
1175 3717 1243 3788 siue]
1263 3719 1334 3786 quod

188 3807 218 3860 in
236 3805 301 3860 add.
315 3807 387 3874 Aep-
400 3805 478 3860 nac.
552 3803 689 3858 acharan
708 3805 737 3859 D
807 3803 961 3859 9hunnan0
980 3805 1010 3860 D
1082 3807 1113 3860 10
1132 3803 1335 3860 siue-satiauit

188 3893 332 3949 emotae.
398 3893 429 3947 12
452 3891 571 3946 misteria
593 3892 623 3946 D
684 3890 754 3944 enim
774 3892 854 3961 Aup,
877 3889 940 3946 iaD
1003 3893 1035 3946 13
1052 3893 1136 3947 uerbo
1154 3906 1334 3962 nos-prouo-

189 4005 262 4060 cauit
281 4007 425 4059 immutato
442 4005 568 4076 leputatur
584 4005 661 4074 opaod
673 4005 750 4060 Mac.
764 4011 789 4058 et
801 4007 871 4074 Aup.
926 4002 1066 4058 metendos
1079 4005 1109 4058 D
1163 3971 1291 4074 liquari
1304 4007 1334 4062 D

191 4095 223 4148 15
241 4089 376 4146 babtismo
395 4092 425 4146 D
488 4090 563 4146 albae
582 4093 611 4146 D
681 4093 711 4146 17
731 4091 847 4145 eustatii
863 4091 892 4144 D
964 4093 995 4148 19
1014 4090 1173 4162 tuae-tibi]
1193 4095 1332 4146 noemae-

191 4177 442 4249 cottonianam.
490 4181 524 4236 20
537 4176 669 4248 exemplld
683 4180 712 4233 D
758 4177 1007 4234 22babtismeteD
1053 4179 1334 4235 24abeolutionemD

190 4267 224 4322 25
242 4267 403 4335 aqneMoa.
466 4267 500 4322 26
519 4264 647 4322 babtismi
666 4267 695 4322 1)
748 4267 781 4322 28
800 4263 875 4321 albeo
888 4266 925 4336 D,
943 4263 1050 4322 nlueunr
1063 4267 1140 4324 Moe.
1154 4269 1225 4338 Aup.
1280 4266 1333 4322 ein·

192 4351 283 4422 gulare
301 4353 331 4409 D
386 4351 520 4408 discendit
537 4353 567 4410 D
