3268 5142
601 492 667 546 IIII.
686 491 794 546 Sermo
812 495 923 548 28-29.
1265 493 1326 559 337

192 668 255 732 tuis
278 667 360 732 circa
374 667 455 731 dona
470 671 525 731 tue
547 667 613 730 iure
635 670 666 731 te
683 685 822 732 ueneror.
858 667 962 748 itaque
986 685 1058 732 cum
1081 687 1114 732 se
1130 668 1206 733 deus
1222 673 1328 734 noster

191 771 226 835 iu
248 771 374 855 algente
395 770 514 851 aestui,
538 771 570 834 iu
594 770 748 835 esuriente
772 770 865 852 refici,
889 772 920 834 iu
935 789 1070 854 paupere
1086 775 1217 837 testetur
1232 773 1328 838 hono-

188 875 314 940 rariita
329 875 449 940 dicens:
473 874 535 957 qui
549 874 719 938 fecituni
742 893 783 938 er
806 875 969 940 minimis
992 876 1093 957 istis,
1117 877 1208 941 milri
1228 877 1328 956 lecit,

190 997 386 1061 consequens
409 977 467 1060 est,
490 982 526 1043 ut
540 979 578 1043 de
595 979 702 1043 electis
719 979 784 1043 suis
799 979 844 1043 itu
859 979 958 1043 dicer‘e
974 997 1010 1044 ec
1025 981 1141 1045 sentire
1157 981 1328 1046 credendus

189 1084 248 1149 sit:
276 1083 499 1164 reuerentiam,
531 1101 626 1165 quam
654 1083 771 1148 sanctis
799 1083 877 1148 meis
904 1084 1036 1166 quisque
1066 1084 1172 1150 studet
1199 1086 1328 1166 deferre,
1368 1113 1381 1154 e

190 1187 272 1252 mihi
293 1188 402 1253 reddit.
449 1187 577 1272 dignum
610 1190 668 1268 est,
700 1191 736 1252 ut
756 1187 923 1252 honoretur
952 1189 1137 1252 innomine
1165 1208 1244 1271 meo,
1275 1191 1329 1273 qui

189 1311 244 1356 me
270 1292 435 1357 honorauit
460 1293 493 1357 iu
521 1292 672 1376 sauguine
700 1310 766 1356 suo.
811 1292 956 1356 humanis
989 1310 1061 1376 ergo
1092 1291 1328 1358 infirmitatibus

188 1397 249 1461 hos
266 1397 470 1461 medicatores
485 1397 681 1480 prouidentia
696 1397 801 1460 diuina
816 1397 990 1478 constituit,
1011 1401 1047 1462 ut
1061 1402 1170 1463 mutuo
1185 1398 1328 1462 iocunde·

190 1518 254 1583 que
266 1502 451 1566 commercio
464 1505 496 1565 et
506 1501 693 1566 intercessor
705 1502 821 1566 cultore
834 1506 866 1565 et
877 1502 977 1566 cultor
989 1501 1192 1566 intercessore
1209 1520 1264 1567 suo
1277 1523 1326 1566 us.

189 1623 273 1688 quae
296 1623 368 1670 cum
391 1605 435 1670 ita
458 1605 531 1686 siut,
558 1605 722 1686 carissimi,
753 1623 857 1669 sacros
881 1624 917 1669 ac
939 1606 1132 1670 uenerandos
1156 1610 1329 1689 martyrum
1356 1633 1381 1672 ro

190 1710 313 1774 cinerea
336 1713 412 1790 tcta,
436 1727 497 1792 qua
519 1727 697 1792 possumus,
720 1710 836 1774 uirtute
860 1718 1054 1790 ueneremur,
1078 1714 1114 1775 ut
1128 1711 1252 1774 ueniam
1276 1711 1329 1774 de-

191 1813 340 1878 lictorum
356 1817 545 1895 nostrorum,
566 1833 660 1897 quam
677 1815 792 1878 nostris
808 1815 927 1878 meritis
944 1813 1082 1878 obtinere
1098 1833 1160 1880 non
1175 1815 1328 1896 ualemus

190 1937 300 1983 eorum
321 1919 477 2003 suffragiis
500 1920 703 2000 impetremus
719 1922 896 2003 praestante
919 1919 978 1982 hoc
994 1920 1118 1984 domino
1134 1923 1240 1985 nostro
1256 1920 1328 1983 Iesu

188 2022 326 2104 Christo,
350 2023 402 2106 qui
424 2023 504 2087 uiuil
526 2024 558 2087 iu
582 2023 708 2088 saccula
732 2024 936 2088 saeculorum.
972 2022 1084 2087 Amen.

679 2249 843 2313 XXVIIII.

560 2410 662 2452 sunno
685 2411 728 2450 Du
750 2409 962 2451 Pnurncosuu.

235 2545 345 2624 Hodie,
368 2545 481 2609 fratres
505 2545 666 2624 carissimi,
696 2547 811 2625 emula,
835 2563 913 2626 quae
937 2543 1025 2608 nobis
1048 2545 1128 2608 lecta
1151 2543 1234 2623 sunt,
1257 2561 1329 2606 eum

189 2649 360 2714 lestiuitate
390 2649 589 2714 conueniunt.
641 2650 781 2731 psalmus
814 2649 912 2712 enlm:
943 2649 1054 2712 redde
1084 2647 1186 2727 milri,
1217 2647 1328 2728 inquit,
1440 2677 1442 2682 v

189 2754 377 2818 laetitiam
416 2755 595 2816 salutaris
633 2753 701 2832 tui,
740 2753 875 2835 spiritu
910 2751 1110 2836 priuprcli
1147 2751 1329 2815 confirma

190 2877 262 2938 me,
290 2857 489 2941 euangelium
512 2861 632 2921 summ:
662 2858 779 2936 ueuIt‚
810 2857 921 2937 inqut,
952 2856 1107 2938 spirltus
1138 2855 1328 2934 ueritatis
1354 2880 1380 2918 co

190 2962 345 3044 scriptura
355 2979 429 3026 uero
442 2962 652 3045 apostolomm
664 2964 805 3025 actuum:
822 2961 956 3042 repleti
969 2962 1069 3040 suut,
1082 2959 1190 3041 iuquIt,
1203 2975 1328 3022 omnes

191 3065 334 3149 spiritu
365 3069 503 3131 sancto,
550 3066 707 3149 completa
736 3068 810 3129 suut
840 3083 913 3148 ergo
936 3065 1042 3129 omnia
1065 3067 1158 3146 etque
1180 3063 1326 3145 perlecta.

189 3171 332 3255 psalmus
356 3169 525 3234 aduentum
549 3170 650 3234 sancti
674 3169 800 3252 spiritus
823 3170 920 3252 petiit,
944 3168 1143 3252 euangelium
1158 3170 1328 3232 uenturum

191 3292 261 3339 ease
283 3275 437 3358 prchsIt,
460 3275 614 3356 scriptura
636 3275 877 3358 apostoIIccrum
897 3276 1023 3336 actuum
1044 3273 1107 3336 iam
1123 3272 1246 3336 uenisse
1262 3289 1328 3335 me-

191 3380 334 3444 morauit.
380 3379 458 3444 nihil
488 3379 592 3462 itaque
622 3380 659 3443 de
687 3397 792 3443 rerum
814 3377 991 3442 diuinarum
1014 3375 1121 3441 ordine
1143 3378 1174 3441 iu
1196 3377 1327 3441 lectione
1354 3400 1379 3438 2⁵

191 3484 289 3565 deest,
312 3485 384 3566 quia
406 3485 438 3548 iu
460 3483 612 3566 propheta
634 3483 810 3566 deprecatio
834 3486 890 3562 est,
914 3482 946 3546 iu
970 3482 1130 3565 euangelio
1153 3480 1327 3564 promIssic,

190 3588 224 3654 iu
240 3587 361 3654 actibus
376 3587 545 3672 plenitudo.
578 3587 616 3652 de
636 3587 703 3672 Ipso
727 3588 810 3652 enim
833 3587 944 3670 spiritu
967 3589 1074 3651 sancto
1098 3586 1193 3650 etiam
1217 3585 1326 3648 beatus

296 3761 324 3830 s]
343 3759 547 3826 uerrucam.
615 3759 658 3828 re]
677 3757 776 3814 reum,
790 3762 832 3828 50,
846 3761 885 3815 14.
950 3757 1214 3828 auresaures.
1280 3755 1326 3824 21]

192 3847 251 3902 Ac.
264 3849 290 3918 c,
302 3851 326 3903 4.
344 3850 369 3914 4,
381 3850 424 3904 er.

235 4005 252 4060 3
270 4003 353 4059 michi
372 4004 399 4058 P
461 4007 478 4062 8
496 4003 669 4058 medicatores
686 4004 793 4073 scripsi,
811 3999 980 4055 medicatoris
998 4000 1026 4054 P
1093 4003 1109 4056 9
1128 3999 1283 4054 commertio
1302 3999 1329 4054 P

192 4091 263 4148 dccet
279 4093 392 4148 uocum
446 4094 478 4148 16
495 4092 540 4148 lra'c
551 4107 636 4146 securo
648 4096 673 4145 ct
684 4089 739 4146 dcc
756 4095 891 4160 sequester
908 4093 1014 4143 exstent
1032 4087 1062 4142 a'n
1080 4087 1169 4143 codice
1180 4085 1327 4156 Repiceusi

192 4181 242 4248 (B)
258 4184 312 4235 498
327 4197 394 4236 cccc.
411 4178 631 4234 XIII-XIIII
647 4179 695 4247 fol.
713 4177 764 4233 71ι
781 4178 840 4232 cicc
858 4177 976 4232 ucctcrr'e
993 4175 1110 4244 comice,
1131 4175 1178 4230 scd
1195 4174 1327 4229 antecedit

193 4269 323 4323 meatu
341 4282 361 4320 s.
380 4264 472 4320 Fausti
489 4264 522 4319 de
534 4264 685 4320 ascensione
704 4262 805 4318 domini
823 4263 931 4333 (lucips
949 4261 1015 4315 scire
1028 4259 1153 4315 debemus
1166 4259 1212 4331 [ε
1227 4261 1325 4316 mccc.

192 4356 260 4412 tec.
272 4352 347 4424 26])‚·
367 4353 434 4408 cuci
455 4359 520 4410 auct
536 4353 571 4408 ab
589 4354 660 4422 Aac.
674 4352 761 4420 Mcic,
779 4351 897 4420 mdccc.
910 4349 987 4406 Rom.
1006 4349 1031 4404 V
1045 4351 1080 4402 85
1097 4366 1169 4418 sqq.,·
1190 4361 1276 4402 sermo
1294 4345 1326 4400 de

193 4443 343 4511 pentecoste
360 4441 388 4496 R
440 4441 472 4496 19
490 4437 623 4494 laeticiam
640 4439 668 4494 R
719 4440 751 4494 27
770 4437 852 4492 eciam
872 4437 899 4492 R

244 4536 297 4579 ¹11.
313 4535 385 4578 rsus.
1139 4525 1172 4573 aa
