3264 5134
269 434 314 498 32
732 435 754 491 Ι.
773 436 817 490 De
833 436 940 506 gratia

269 610 416 691 tradicat,
451 631 542 676 nemo
577 612 758 677 criminibus
791 614 929 678 remedia
965 633 1020 696 per
1053 613 1191 678 laborem
1226 619 1400 678 maceratae

268 715 369 778 carnis
399 716 549 798 inquirat,
581 735 672 781 nemo
702 717 825 783 hostem
855 718 1018 782 inlecebris
1049 717 1200 798 obscenae
1231 719 1400 801 uoluptatis

267 823 422 884 armatum
450 821 548 884 crucis
571 820 690 885 uiribus
713 823 914 905 repercutiat,
947 823 1001 885 sed
1028 797 1256 905 eontra’ignea
1282 823 1400 886 inimici

266 922 367 988 iacula
389 924 507 988 nudum
529 929 637 1006 pectus
662 929 803 1009 exponat,
826 944 917 991 nemo
938 926 1042 990 debita
1065 931 1208 990 aeternae
1232 927 1324 990 morti
1346 926 1400 990 ob-

228 1043 241 1082 s
267 1027 359 1091 noxia
381 1027 623 1111 elimosynarum
646 1029 803 1094 sacrificiis
826 1031 967 1110 redimat,
990 1048 1082 1094 nonio
1102 1049 1157 1113 per
1172 1048 1266 1113 opera
1280 1030 1400 1094 miseri-

268 1131 387 1194 cordiae
411 1135 504 1214 atque
526 1133 662 1197 iustitiae
686 1152 792 1198 euram
816 1135 998 1198 uulneribus
1021 1135 1110 1212 ierat,
1138 1134 1192 1198 sed
1220 1135 1342 1217 integra
1364 1153 1400 1198 ea

267 1236 307 1299 ad
329 1236 411 1299 diem
434 1237 537 1300 iudicii
559 1256 615 1320 per
638 1257 670 1301 se
694 1239 796 1302 ierat?
835 1257 905 1302 ecce
922 1239 981 1318 hic,
999 1239 1051 1320 qui
1065 1240 1157 1321 paulo
1174 1241 1245 1302 ante
1261 1239 1400 1303 adsertor

266 1341 384 1422 gratiae
421 1339 609 1422 putabatur,
639 1342 870 1408 intercludendo
900 1343 984 1406 uiam
1019 1343 1128 1406 salutis
1162 1343 1317 1406 humanae
1352 1343 1400 1405 in-

267 1448 421 1528 pugnator
443 1445 571 1528 gratiae,
598 1464 653 1528 per·
680 1465 774 1528 quam
803 1447 885 1511 seius
913 1447 981 1528 ipsa
1009 1447 1131 1510 conlata
1154 1451 1211 1526 est,
1243 1446 1400 1510 inuenitur

216 1565 241 1603 ιο
268 1548 353 1612 etin
377 1547 491 1614 diaboli
514 1550 662 1614 transisse
686 1551 813 1614 consilia
836 1551 957 1615 adiutor
979 1551 1160 1634 perditionis
1184 1550 1366 1615 ostenditur.

816 1725 855 1788 X.

268 1866 390 1907 CONTRA
410 1866 481 1924 HOC,
504 1867 588 1916 Quot>
609 1867 724 1908 nicusi*
747 1867 790 1908 AD
806 1869 916 1909 MALUM
931 1868 1058 1909 Taurus
1075 1868 1212 1909 LIBERUM
1228 1867 1397 1908 enarrarunt

354 1953 523 1996 PROMP'I'UM
546 1955 621 1996 ESSE
645 1955 765 2013 nonnul,
788 1957 831 1996 AD
854 1955 959 1996 BONUM
983 1954 1119 1996 PRORSUS
1142 1955 1203 1996 NON
1226 1955 1312 1996 ESSE.

310 2068 372 2134 Ubi
387 2075 436 2135 est
450 2071 526 2135 illud
541 2071 727 2154 prophetae:
752 2072 877 2136 audite
894 2091 963 2152 me,
987 2072 1049 2154 qui
1065 2071 1281 2153 sequimini,
1306 2070 1399 2152 quod

216 2189 240 2228 ¹⁵
267 2175 405 2238 iustum
429 2179 495 2254 est,
519 2180 555 2239 et
577 2177 760 2258 quaeritis
784 2176 984 2254 dominum,
1008 2177 1059 2239 uel
1078 2176 1154 2239 iilud
1169 2175 1317 2258 apostoli:
1341 2194 1400 2239 ne-

267 2278 372 2342 scitis
396 2280 579 2361 quoniam,
603 2281 661 2343 eui
685 2279 869 2344 exhibetis
892 2297 957 2343 nos
983 2297 1111 2343 seruos
1138 2279 1182 2342 ad
1204 2277 1398 2342 oboedien-

267 2383 364 2462 dum,
388 2384 487 2447 serui
515 2385 607 2448 estis
631 2384 724 2463 eiua,
753 2383 811 2446 cui
834 2383 1060 2463 oboedistis‚
1085 2383 1164 2446 sine
1187 2383 1331 2466 peccati
1355 2383 1397 2445 ed

266 2489 422 2550 mortem
445 2489 524 2550 siue
547 2487 796 2552 oboeditionis
820 2488 862 2551 ad
885 2487 1084 2551 iustitiam.
1123 2487 1197 2550 dum
1225 2503 1298 2568 crgo
1326 2503 1398 2568 apo-

266 2591 364 2654 stolus
388 2591 427 2655 ab
450 2591 576 2656 homine
599 2591 704 2655 studia
726 2592 854 2655 meliora
876 2591 1024 2675 deposcit,
1048 2591 1150 2654 inesse
1173 2591 1200 2653 ei
1217 2589 1397 2653 facultatem

213 2709 240 2748 20
265 2693 364 2758 bonae
388 2696 557 2760 uoluntatis
581 2695 726 2776 ostendit,
749 2713 844 2778 quam
867 2715 938 2760 cum
954 2695 1170 2778 praeferimus,
1194 2698 1298 2778 aperte
1319 2693 1398 2758 ordi·

265 2800 424 2862 nationem
447 2803 541 2881 atque
556 2799 732 2865 mirabilem
749 2801 983 2886 dispositionem
1000 2801 1047 2862 sui
1062 2798 1277 2882 praedicamus
1293 2802 1399 2862 aucto·

265 2903 317 2983 ris,
341 2921 435 2984 quam
458 2903 497 2966 ad
519 2904 602 2967 iusta
624 2903 726 2968 officia
747 2907 962 2987 praeparatam
985 2903 1068 2966 idem
1089 2903 1247 2985 apostolus
1270 2902 1398 2966 demon-

266 3009 345 3069 strat
367 3005 488 3070 dicens:
513 3025 582 3071 non
607 3025 691 3091 ergo
714 3011 846 3091 regnet
868 3011 1061 3090 peccatum
1089 3007 1125 3070 in
1152 3009 1279 3070 uestro
1307 3023 1397 3069 mor-

266 3110 335 3173 tali
358 3128 524 3194 corpore,
554 3115 596 3174 ut
623 3111 832 3176 oboediatis
861 3111 1180 3194 concupiscentiis
1209 3109 1397 3204 eiussed

213 3229 239 3268 ²⁶
266 3233 383 3295 neque
418 3214 629 3279 exhibeatis
664 3216 830 3280 membra
863 3221 991 3280 uestra
1021 3233 1120 3280 arma
1150 3215 1396 3296 iniquitatis

264 3322 433 3400 peccato,
464 3319 527 3382 sed
559 3319 731 3384 exhibeto
761 3338 828 3384 uos
859 3321 924 3384 deo
955 3324 1142 3402 tamqnam
1172 3339 1212 3383 er
1240 3318 1397 3384 mortuis

266 3423 438 3487 uiuentes
461 3428 497 3486 et
519 3423 682 3487 membra
709 3428 837 3488 uestra
864 3442 964 3488 arma
990 3424 1163 3488 iustitiae
1191 3423 1265 3487 deo.
1304 3423 1396 3486 item:

265 3529 464 3591 humanum
495 3526 574 3592 dico
604 3531 755 3610 propter
789 3527 1053 3591 infirmitatem
1083 3527 1207 3590 carnis
1237 3529 1395 3590 uestrae.

265 3632 483 3696 sicutenim
506 3630 732 3696 exhibuistis
756 3631 919 3695 membra
942 3635 1068 3695 uestra
1089 3631 1232 3695 seruire
1255 3631 1397 3694 inmun-

371 3819 587 3889 14]nsai.51,1.
635 3819 678 3889 15]
691 3819 767 3874 Rom.
780 3823 804 3884 6,
819 3823 857 3876 16.
900 3819 1072 3890 23]R0m.6,
1087 3822 1125 3876 12.
1171 3821 1216 3889 28]
1232 3819 1306 3874 Rom.
1320 3822 1396 3882 6,19.

311 3997 474 4049 lmaceratc
492 3996 519 4049 P
587 3993 818 4050 doiimosinarnm
837 3996 864 4050 P
932 3994 1067 4063 dodquae
1086 3996 1113 4050 P
1182 3997 1266 4064 7per
1285 4010 1311 4047 se
1329 3993 1398 4046 ierat

265 4082 371 4151 scripsi,
388 4083 539 4149 perseuerat
558 4081 592 4150 P,
613 4079 763 4150 perferato
831 4085 847 4138 8
869 4081 1088 4151 intercludendossii
1106 4083 1134 4136 P
1203 4084 1235 4137 10
1254 4079 1353 4134 diabuii
1372 4081 1400 4134 P

268 4195 299 4249 13
316 4197 453 4262 promtum
471 4193 499 4247 P
559 4209 666 4262 prossus
684 4195 724 4248 P¹
779 4197 811 4248 14
828 4161 899 4248 inite
918 4195 946 4248 P
1009 4197 1041 4250 16
1059 4193 1248 4248 exhibuistisu
1308 4208 1397 4246 seruos

265 4299 316 4335 om.
330 4299 345 4334 o
399 4282 431 4335 18
448 4279 481 4332 ad
500 4281 528 4334 P
578 4283 610 4336 21
630 4280 731 4348 adquae
750 4281 777 4333 P
828 4281 1041 4350 dispessitiouem
1060 4283 1087 4335 P
1138 4285 1172 4337 22
1191 4280 1342 4333 demonstra
1356 4279 1396 4333 P¹

265 4371 299 4424 25
318 4365 442 4420 exibeatis
461 4368 488 4422 P
538 4369 572 4423 26
590 4367 712 4422 exhibeto
731 4368 758 4422 P
