3222 5144
644 457 710 514 1111.
730 459 841 514 Sermo
859 463 883 516 5.
1269 459 1334 524 239

192 633 261 700 ideo
285 651 356 700 cum
385 652 511 700 summa
533 634 723 700 exultatione
750 635 887 718 gaudeat
913 638 996 700 terra
1022 638 1128 700 nostra
1150 636 1332 700 caelestium

193 739 331 804 militum
354 743 386 804 et
408 743 567 806 tantarum
589 757 703 822 parens
727 738 861 804 fecunda
882 739 1045 804 uirtutum.
1091 757 1161 804 ecce
1184 740 1332 823 profanus

192 842 294 909 hostis
310 862 484 926 numquam
506 843 608 908 beatis
631 843 772 926 paruulis
795 846 919 908 tantum
941 843 1089 926 prodesse
1111 844 1264 928 potuisset
1278 843 1334 908 ob·

192 949 311 1030 sequio,
340 952 492 1031 quantum
519 947 638 1032 profuit
665 947 742 1012 odio.
790 965 863 1012 nam
894 947 974 1012 sicut
1002 947 1215 1012 sacratissima
1243 967 1333 1031 prae-

192 1053 292 1118 sentis
315 1053 375 1118 diei
397 1053 478 1118 festa
500 1053 716 1133 manifestant,
747 1056 900 1134 quantum
923 1055 1031 1118 contra
1053 1052 1161 1118 beatos
1183 1053 1331 1136 paruulos
1359 1078 1372 1118 ⁵

191 1155 340 1239 iniquitas
363 1157 546 1237 abundauit,
570 1160 694 1222 tantum
716 1156 810 1220 ineis
832 1157 934 1240 gratia
955 1156 1180 1222 benedictionis
1205 1157 1330 1222 effulsit.

191 1261 236 1326 sio
251 1261 336 1326 enim
350 1263 444 1344 paulo
459 1265 532 1326 ante
548 1261 736 1342 audiuimus,
753 1261 845 1343 quod,
862 1279 934 1325 cum
946 1261 1086 1326 Herodes
1101 1281 1155 1326 rex
1170 1261 1332 1327 Christum

190 1369 444 1450 persequeretur,
475 1366 562 1430 milia
588 1366 726 1430 felicium
754 1365 889 1430 extincta
916 1369 990 1430 sunt
1016 1385 1183 1449 puerorum
1210 1367 1331 1431 dicente

190 1471 355 1554 propheta:
386 1471 524 1536 Rachel
554 1471 706 1554 plorans
737 1469 841 1535 lilios
872 1487 957 1534 suos
988 1475 1025 1536 et
1055 1471 1175 1536 noluit
1204 1489 1331 1536 conso·
1394 1553 1399 1562 Ι

189 1574 276 1656 lari,
292 1575 464 1658 quianon
480 1579 576 1640 sunt.
609 1574 736 1640 obeata
751 1593 863 1658 parens
879 1575 1128 1658 triumphalium,
1148 1575 1330 1640 inlustrium
1358 1601 1383 1642 10

189 1680 292 1762 patria
305 1678 502 1760 bellatorum,
526 1683 685 1744 tantorum
705 1679 792 1744 diues
814 1679 992 1763 pignorum,
1014 1679 1104 1760 qnasi
1127 1679 1167 1744 ad
1189 1697 1331 1744 momen-

189 1785 258 1848 tum
281 1783 379 1848 oculis
402 1784 634 1867 inspicientium
657 1782 759 1848 orbari
781 1783 851 1847 uisa
873 1787 930 1863 est,
958 1801 1132 1865 numquam
1153 1787 1260 1848 tamen
1282 1783 1330 1848 in-

189 1888 275 1972 diget
293 1888 445 1954 consolari
468 1905 526 1952 nec
547 1889 650 1972 plorat
671 1887 762 1968 filios,
785 1905 862 1969 quos
884 1885 1061 1952 inhibendis
1084 1887 1230 1969 luctibus,
1254 1888 1329 1952 dum

188 1991 375 2074 perdiderat,
398 1992 574 2075 adquisiuit.
608 1991 702 2057 beata
726 2011 769 2072 es,
792 2009 810 2055 o
832 1991 1018 2056 Bethlehem
1040 1995 1124 2057 terra
1138 1991 1226 2074 Iuda,
1249 2011 1328 2074 quae

188 2097 322 2162 Herodis
349 2097 430 2181 regis
457 2097 678 2162 inmanitatem
708 2097 741 2160 in
769 2113 936 2179 puerorum
964 2095 1151 2161 extinctione
1181 2115 1329 2180 perpessa
1356 2121 1381 2162 ιε

188 2219 233 2281 es,
261 2219 340 2283 quae
364 2201 421 2266 sub
445 2219 507 2267 uno
530 2205 669 2285 tempore
693 2200 892 2266 candidatam
919 2199 1043 2285 plebem
1071 2200 1196 2266 inbellis
1224 2201 1329 2266 inian-

187 2305 251 2370 tiae
274 2305 331 2370 deo
354 2305 464 2371 offerre
487 2305 637 2371 mernisti.

231 2409 334 2494 Digne
349 2413 456 2475 tamen
471 2409 609 2476 natalem
622 2407 753 2474 colimus
769 2409 905 2490 illorum,
921 2426 999 2491 quos
1015 2409 1170 2473 beatiores
1183 2411 1327 2474 aeternae

187 2513 272 2578 uitae
295 2515 431 2578 mundus
454 2513 560 2594 edidit,
583 2531 678 2596 quam
702 2531 779 2596 quos
803 2515 1016 2578 maternorum
1039 2511 1195 2578 uiscerum
1217 2515 1326 2596 partus

187 2617 307 2699 effudit,
331 2619 358 2682 si
376 2618 501 2702 quidem
523 2621 595 2683 ante
614 2618 698 2682 uitae
720 2621 888 2702 perpetuae
911 2616 1017 2700 adepti
1039 2619 1113 2680 sunt
1128 2615 1325 2700 dignitatem,
1352 2643 1379 2683 ro

186 2739 282 2804 quam
305 2740 434 2786 usuram
463 2722 638 2805 praesentis
661 2721 845 2805 acciperent.
885 2721 1017 2786 aliorum
1040 2720 1166 2802 quidem
1189 2721 1326 2802 pretiosa

188 2844 271 2892 mors
302 2831 476 2911 martymm
505 2826 631 2892 laudem
661 2827 692 2892 in
723 2826 916 2891 confessione
945 2825 1124 2909 promeruit,
1154 2824 1266 2889 horum
1293 2825 1325 2889 in

188 2934 457 2996 consummatione
490 2931 679 3014 conplacuit,
717 2931 790 3013 quia
822 2929 998 3013 incipientis
1032 2929 1115 2994 uitae
1148 2929 1325 3012 primordiis

187 3035 254 3118 ipse
274 3036 319 3100 eis
342 3053 469 3100 occasus
492 3035 617 3100 initium
636 3035 752 3119 gloriae
772 3033 868 3114 dedit,
891 3033 945 3115 qui
965 3033 1138 3117 praesentis
1154 3032 1325 3096 terminum

77 3185 81 3198 .
187 3140 302 3224 posuit,
326 3158 403 3222 quos
426 3140 558 3206 Herodis
580 3139 725 3223 impietas
752 3140 904 3203 lactentes
931 3140 1069 3202 matrum
1096 3135 1243 3202 uberibus
1270 3136 1324 3201 ab·
1351 3163 1377 3204 rs

187 3245 307 3326 strauit,
335 3247 388 3328 qui
409 3244 475 3310 inre
498 3244 649 3308 dicuntur,
665 3246 839 3326 martyrum
861 3241 963 3322 flores,
991 3259 1067 3324 quos
1090 3241 1123 3306 in
1145 3240 1248 3305 medio
1270 3240 1325 3305 fri-

186 3366 260 3433 gere
282 3347 476 3414 infidelitatis
499 3352 620 3414 exortos
647 3348 765 3432 primae
788 3349 987 3430 erumpentes
1011 3345 1159 3410 ecclesiae
1181 3363 1324 3430 gemmas

186 3453 341 3536 quaedam
374 3453 598 3537 persecutionis
628 3452 740 3536 pruina
769 3451 899 3516 decoxit.
955 3454 985 3516 et
1017 3450 1087 3516 ideo
1117 3450 1247 3534 dignum
1277 3452 1326 3514 est

290 3615 320 3686 s]
338 3615 454 3672 urrerem.
468 3619 510 3682 a1,
524 3619 570 3680 15;
587 3615 684 3670 natu.
697 3618 723 3684 a,
737 3617 777 3672 18.
833 3613 877 3684 14]
895 3614 991 3669 natta.
1005 3616 1029 3678 a,
1043 3615 1068 3669 c.

231 3778 244 3832 1
268 3773 458 3829 exultatatione
481 3774 510 3829 D
579 3772 835 3843 gaudeat-lia.17
857 3772 991 3841 meruisti]
1014 3773 1048 3840 ef.
1066 3770 1180 3826 maeoti
1201 3769 1324 3838 (Farrati)

184 3863 254 3918 bosra
264 3867 299 3916 11
311 3863 372 3917 intr.
421 3860 524 3929 nostra]
536 3859 628 3914 nutrix
639 3859 703 3915 add.
715 3859 813 3915 Erech.
866 3861 1071 3914 asianarum
1080 3857 1324 3926 Aop.,iantordD

185 3949 334 4019 pariensD
366 3947 537 4018 pphauusD
575 3945 734 4016 sponsor)
768 3944 1006 4002 bhabundauitD
1046 3942 1322 3998 ambasiacum-

185 4037 234 4092 lia.
244 4041 279 4091 14
291 4034 437 4105 adquisimt
448 4037 546 4092 abserat
558 4035 635 4106 apoad
644 4035 715 4105 Aup.
755 4031 903 4088 herodisD
942 4029 1103 4101 9rachqlD
1143 4027 1282 4085 10baeata
1295 4032 1324 4085 D

185 4123 302 4178 inlustri
320 4122 350 4177 D
403 4123 444 4226 h12
463 4121 608 4192 inspientiri
625 4121 654 4175 D
711 4119 811 4190 indigit
828 4121 858 4176 D
920 4120 952 4175 14
974 4115 1109 4188 bethelem
1128 4118 1157 4171 D
1210 4120 1242 4172 15
1260 4124 1323 4172 ame

184 4235 299 4292 Herodis
316 4237 348 4292 ia
364 4235 395 4292 D
411 4234 502 4290 eredes
519 4252 625 4291 erasm
642 4240 681 4291 cat
734 4236 768 4290 16
785 4249 836 4303 que
854 4233 884 4287 D
937 4233 968 4288 17
987 4229 1110 4302 mqruisti
1128 4230 1158 4284 D
1210 4227 1322 4288 18101-

184 4324 270 4378 dones
288 4323 318 4378 D
387 4325 476 4377 eterne
494 4321 549 4378 uite
567 4323 597 4377 D
667 4323 699 4378 19
718 4323 901 4398 maternarum
918 4319 948 4374 D
1016 4313 1056 4374 20'
1073 4317 1128 4372 uite
1150 4319 1274 4386 perpetue
1292 4317 1322 4370 D

184 4412 218 4468 22
236 4409 387 4464 confusione
405 4411 435 4465 D
486 4411 521 4464 23
538 4406 682 4479 primordio
699 4408 729 4462 D
780 4409 814 4463 28
832 4404 917 4476 quide
931 4406 961 4460 D
