<?xml version="1.0" encoding="UTF-8"?>
<!DOCTYPE html PUBLIC "-//W3C//DTD XHTML 1.0 Transitional//EN"
    "http://www.w3.org/TR/xhtml1/DTD/xhtml1-transitional.dtd">
<html xmlns="http://www.w3.org/1999/xhtml" xml:lang="en" lang="en">
 <head>
  <title>
</title>
<meta http-equiv="Content-Type" content="text/html;charset=utf-8" />
  <meta name='ocr-system' content='tesseract 3.04.00' />
  <meta name='ocr-capabilities' content='ocr_page ocr_carea ocr_par ocr_line ocrx_word'/>
</head>
<body>
  <div class='ocr_page' id='page_1' title='image "./praetersermones01fausgoog/praetersermones01fausgoog_0242.png"; bbox 0 0 3244 5130; ppageno 0'>
   <div class='ocr_carea' id='block_1_1' title="bbox 611 495 882 554">
    <p class='ocr_par' dir='ltr' id='par_1_1' title="bbox 611 495 882 554">
     <span class='ocr_line' id='line_1_1' title="bbox 611 495 882 554; baseline 0.004 -3"><span class='ocrx_word' id='word_1_1' title='bbox 611 495 709 551; x_wconf 86' lang='lat' dir='ltr'><strong>Liber</strong></span> <span class='ocrx_word' id='word_1_2' title='bbox 726 497 754 551; x_wconf 90' lang='grc' dir='ltr'><em>Π</em></span> <span class='ocrx_word' id='word_1_3' title='bbox 775 501 882 554; x_wconf 90' lang='lat'>10—11.</span> 
     </span>
    </p>
   </div>
   <div class='ocr_carea' id='block_1_2' title="bbox 718 726 772 790">
    <p class='ocr_par' dir='ltr' id='par_1_2' title="bbox 718 726 772 790">
     <span class='ocr_line' id='line_1_2' title="bbox 718 726 772 790; baseline -0.037 0"><span class='ocrx_word' id='word_1_4' title='bbox 718 726 772 790; x_wconf 86' lang='lat' dir='ltr'><strong>XI.</strong></span> 
     </span>
    </p>
   </div>
   <div class='ocr_carea' id='block_1_3' title="bbox 182 884 1317 1118">
    <p class='ocr_par' dir='ltr' id='par_1_3' title="bbox 182 884 1317 1118">
     <span class='ocr_line' id='line_1_3' title="bbox 182 884 1316 942; baseline 0.003 -19"><span class='ocrx_word' id='word_1_5' title='bbox 182 884 426 942; x_wconf 74' lang='lat' dir='ltr'><strong>ADUERTBNDUM‚</strong></span> <span class='ocrx_word' id='word_1_6' title='bbox 451 885 534 934; x_wconf 70' lang='lat' dir='ltr'><strong>QUOD</strong></span> <span class='ocrx_word' id='word_1_7' title='bbox 559 885 648 926; x_wconf 74' lang='lat' dir='ltr'>SICUT</span> <span class='ocrx_word' id='word_1_8' title='bbox 669 887 755 928; x_wconf 77' lang='lat' dir='ltr'>UNUM</span> <span class='ocrx_word' id='word_1_9' title='bbox 776 887 864 928; x_wconf 70' lang='lat' dir='ltr'>DBUM</span> <span class='ocrx_word' id='word_1_10' title='bbox 888 886 940 926; x_wconf 71' lang='lat' dir='ltr'><strong>l&#39;l&#39;rb</strong></span> <span class='ocrx_word' id='word_1_11' title='bbox 961 885 1046 927; x_wconf 72' lang='lat' dir='ltr'><strong>UNUM</strong></span> <span class='ocrx_word' id='word_1_12' title='bbox 1067 885 1151 927; x_wconf 71' lang='lat' dir='ltr'><strong>melu</strong></span> <span class='ocrx_word' id='word_1_13' title='bbox 1171 887 1316 928; x_wconf 76' lang='lat' dir='ltr'><strong>SPlRI&#39;l&#39;UM</strong></span> 
     </span>
     <span class='ocr_line' id='line_1_4' title="bbox 183 971 1317 1031; baseline 0.002 -19"><span class='ocrx_word' id='word_1_14' title='bbox 183 971 333 1029; x_wconf 73' lang='lat' dir='ltr'><strong>SANCTUM,</strong></span> <span class='ocrx_word' id='word_1_15' title='bbox 362 971 446 1020; x_wconf 81' lang='lat' dir='ltr'>QUOD</span> <span class='ocrx_word' id='word_1_16' title='bbox 475 973 516 1012; x_wconf 67' lang='lat' dir='ltr'><strong>Db}</strong></span> <span class='ocrx_word' id='word_1_17' title='bbox 539 974 671 1014; x_wconf 68' lang='lat' dir='ltr'><strong>punem</strong></span> <span class='ocrx_word' id='word_1_18' title='bbox 700 973 866 1014; x_wconf 66' lang='lat' dir='ltr'><strong>cenerum</strong></span> <span class='ocrx_word' id='word_1_19' title='bbox 894 973 966 1031; x_wconf 60' lang='lat' dir='ltr'><strong>Ubus,</strong></span> <span class='ocrx_word' id='word_1_20' title='bbox 990 973 1075 1022; x_wconf 74' lang='lat' dir='ltr'><strong>Quor)</strong></span> <span class='ocrx_word' id='word_1_21' title='bbox 1098 973 1231 1014; x_wconf 83' lang='lat' dir='ltr'>DIUIDAT</span> <span class='ocrx_word' id='word_1_22' title='bbox 1254 973 1317 1014; x_wconf 75' lang='lat' dir='ltr'>SIN-</span> 
     </span>
     <span class='ocr_line' id='line_1_5' title="bbox 355 1059 1142 1118; baseline 0.004 -18"><span class='ocrx_word' id='word_1_23' title='bbox 355 1059 445 1101; x_wconf 75' lang='lat' dir='ltr'><strong>sums</strong></span> <span class='ocrx_word' id='word_1_24' title='bbox 468 1060 569 1102; x_wconf 71' lang='lat' dir='ltr'><strong>mour</strong></span> <span class='ocrx_word' id='word_1_25' title='bbox 592 1059 684 1118; x_wconf 74' lang='lat' dir='ltr'>UULT,</span> <span class='ocrx_word' id='word_1_26' title='bbox 708 1060 771 1101; x_wconf 84' lang='lat' dir='ltr'><strong>nrcl</strong></span> <span class='ocrx_word' id='word_1_27' title='bbox 793 1061 895 1103; x_wconf 76' lang='lat' dir='ltr'>NULLO</span> <span class='ocrx_word' id='word_1_28' title='bbox 918 1060 1005 1101; x_wconf 75' lang='lat' dir='ltr'>MODO</span> <span class='ocrx_word' id='word_1_29' title='bbox 1028 1059 1142 1103; x_wconf 71' lang='lat' dir='ltr'><strong>Possm</strong></span> 
     </span>
    </p>
   </div>
   <div class='ocr_carea' id='block_1_4' title="bbox 178 1193 1370 3792">
    <p class='ocr_par' dir='ltr' id='par_1_4' title="bbox 178 1193 1370 3676">
     <span class='ocr_line' id='line_1_6' title="bbox 224 1193 1370 1279; baseline 0.001 -20"><span class='ocrx_word' id='word_1_30' title='bbox 224 1193 329 1276; x_wconf 89' lang='lat' dir='ltr'><strong>Uides,</strong></span> <span class='ocrx_word' id='word_1_31' title='bbox 354 1195 434 1277; x_wconf 88' lang='lat' dir='ltr'><strong>quod</strong></span> <span class='ocrx_word' id='word_1_32' title='bbox 458 1195 539 1260; x_wconf 89' lang='lat' dir='ltr'><strong>sieut</strong></span> <span class='ocrx_word' id='word_1_33' title='bbox 562 1215 642 1260; x_wconf 90' lang='lat' dir='ltr'><strong>unus</strong></span> <span class='ocrx_word' id='word_1_34' title='bbox 665 1200 754 1279; x_wconf 87' lang='lat' dir='ltr'><strong>peter</strong></span> <span class='ocrx_word' id='word_1_35' title='bbox 778 1199 809 1259; x_wconf 89' lang='lat' dir='ltr'><strong>et</strong></span> <span class='ocrx_word' id='word_1_36' title='bbox 831 1215 911 1259; x_wconf 90' lang='lat' dir='ltr'><strong>unus</strong></span> <span class='ocrx_word' id='word_1_37' title='bbox 935 1195 1017 1259; x_wconf 87' lang='lat' dir='ltr'><strong>filius</strong></span> <span class='ocrx_word' id='word_1_38' title='bbox 1045 1196 1089 1260; x_wconf 85' lang='lat' dir='ltr'><strong>ite</strong></span> <span class='ocrx_word' id='word_1_39' title='bbox 1112 1199 1143 1260; x_wconf 91' lang='lat' dir='ltr'><strong>et</strong></span> <span class='ocrx_word' id='word_1_40' title='bbox 1165 1215 1246 1260; x_wconf 90' lang='lat' dir='ltr'><strong>unus</strong></span> <span class='ocrx_word' id='word_1_41' title='bbox 1270 1201 1317 1260; x_wconf 88' lang='lat' dir='ltr'><strong>est</strong></span> <span class='ocrx_word' id='word_1_42' title='bbox 1358 1223 1370 1260; x_wconf 78' lang='lat' dir='ltr'><strong>s</strong></span> 
     </span>
     <span class='ocr_line' id='line_1_7' title="bbox 182 1299 1316 1384; baseline 0.002 -22"><span class='ocrx_word' id='word_1_43' title='bbox 182 1299 308 1381; x_wconf 87' lang='lat' dir='ltr'><strong>spiritus</strong></span> <span class='ocrx_word' id='word_1_44' title='bbox 331 1305 469 1379; x_wconf 81' lang='lat' dir='ltr'><strong>sanetus,</strong></span> <span class='ocrx_word' id='word_1_45' title='bbox 492 1301 573 1364; x_wconf 90' lang='lat' dir='ltr'><strong>siout</strong></span> <span class='ocrx_word' id='word_1_46' title='bbox 596 1303 821 1381; x_wconf 79' lang='lat' dir='ltr'><strong>consequenter</strong></span> <span class='ocrx_word' id='word_1_47' title='bbox 844 1299 997 1384; x_wconf 76' lang='lat' dir='ltr'><strong>assignat:</strong></span> <span class='ocrx_word' id='word_1_48' title='bbox 1025 1301 1162 1364; x_wconf 82' lang='lat' dir='ltr'><strong>etenim</strong></span> <span class='ocrx_word' id='word_1_49' title='bbox 1186 1301 1222 1364; x_wconf 93' lang='lat' dir='ltr'><strong>in</strong></span> <span class='ocrx_word' id='word_1_50' title='bbox 1246 1319 1316 1364; x_wconf 92' lang='lat' dir='ltr'><strong>uno</strong></span> 
     </span>
     <span class='ocr_line' id='line_1_8' title="bbox 182 1403 1317 1486; baseline 0.004 -22"><span class='ocrx_word' id='word_1_51' title='bbox 182 1403 317 1484; x_wconf 85' lang='lat' dir='ltr'><strong>spiritu</strong></span> <span class='ocrx_word' id='word_1_52' title='bbox 338 1403 457 1485; x_wconf 86' lang='lat' dir='ltr'><strong>potati</strong></span> <span class='ocrx_word' id='word_1_53' title='bbox 478 1423 614 1468; x_wconf 89' lang='lat' dir='ltr'><strong>sumus.</strong></span> <span class='ocrx_word' id='word_1_54' title='bbox 646 1404 705 1484; x_wconf 81' lang='lat' dir='ltr'><strong>hie,</strong></span> <span class='ocrx_word' id='word_1_55' title='bbox 727 1403 754 1467; x_wconf 91' lang='lat' dir='ltr'><strong>si</strong></span> <span class='ocrx_word' id='word_1_56' title='bbox 775 1403 812 1466; x_wconf 88' lang='lat' dir='ltr'><strong>de</strong></span> <span class='ocrx_word' id='word_1_57' title='bbox 831 1404 922 1486; x_wconf 80' lang='lat' dir='ltr'>plebe</span> <span class='ocrx_word' id='word_1_58' title='bbox 942 1403 992 1468; x_wconf 89' lang='lat' dir='ltr'><strong>uel</strong></span> <span class='ocrx_word' id='word_1_59' title='bbox 1013 1403 1214 1468; x_wconf 88' lang='lat' dir='ltr'><strong>multitudine</strong></span> <span class='ocrx_word' id='word_1_60' title='bbox 1231 1423 1317 1468; x_wconf 84' lang='lat' dir='ltr'><strong>erea-</strong></span> 
     </span>
     <span class='ocr_line' id='line_1_9' title="bbox 182 1507 1315 1592; baseline 0.001 -22"><span class='ocrx_word' id='word_1_61' title='bbox 182 1511 267 1571; x_wconf 80' lang='lat' dir='ltr'><strong>turae</strong></span> <span class='ocrx_word' id='word_1_62' title='bbox 284 1511 378 1588; x_wconf 88' lang='lat' dir='ltr'><strong>esset,</strong></span> <span class='ocrx_word' id='word_1_63' title='bbox 401 1527 482 1572; x_wconf 87' lang='lat' dir='ltr'><strong>unus</strong></span> <span class='ocrx_word' id='word_1_64' title='bbox 499 1507 558 1572; x_wconf 86' lang='lat' dir='ltr'><strong>diei</strong></span> <span class='ocrx_word' id='word_1_65' title='bbox 581 1509 707 1572; x_wconf 90' lang='lat' dir='ltr'><strong>omnino</strong></span> <span class='ocrx_word' id='word_1_66' title='bbox 731 1527 792 1573; x_wconf 90' lang='lat' dir='ltr'><strong>non</strong></span> <span class='ocrx_word' id='word_1_67' title='bbox 815 1511 930 1592; x_wconf 89' lang='lat' dir='ltr'><strong>posset.</strong></span> <span class='ocrx_word' id='word_1_68' title='bbox 964 1511 996 1572; x_wconf 92' lang='lat' dir='ltr'><strong>et</strong></span> <span class='ocrx_word' id='word_1_69' title='bbox 1018 1527 1089 1572; x_wconf 90' lang='lat' dir='ltr'><strong>oum</strong></span> <span class='ocrx_word' id='word_1_70' title='bbox 1111 1509 1162 1572; x_wconf 87' lang='lat' dir='ltr'><strong>hie</strong></span> <span class='ocrx_word' id='word_1_71' title='bbox 1184 1508 1315 1572; x_wconf 81' lang='lat' dir='ltr'><strong>hebens:</strong></span> 
     </span>
     <span class='ocr_line' id='line_1_10' title="bbox 182 1612 1317 1695; baseline 0.002 -21"><span class='ocrx_word' id='word_1_72' title='bbox 182 1612 304 1692; x_wconf 84' lang='lat' dir='ltr'><strong>elteri,</strong></span> <span class='ocrx_word' id='word_1_73' title='bbox 335 1612 447 1693; x_wconf 88' lang='lat' dir='ltr'><strong>inquit,</strong></span> <span class='ocrx_word' id='word_1_74' title='bbox 477 1613 586 1677; x_wconf 87' lang='lat' dir='ltr'><strong>detur</strong></span> <span class='ocrx_word' id='word_1_75' title='bbox 615 1613 711 1677; x_wconf 85' lang='lat' dir='ltr'><strong>fides</strong></span> <span class='ocrx_word' id='word_1_76' title='bbox 742 1613 778 1676; x_wconf 95' lang='lat' dir='ltr'><strong>in</strong></span> <span class='ocrx_word' id='word_1_77' title='bbox 806 1613 931 1676; x_wconf 89' lang='lat' dir='ltr'><strong>eodem</strong></span> <span class='ocrx_word' id='word_1_78' title='bbox 955 1612 1106 1695; x_wconf 87' lang='lat' dir='ltr'><strong>spiritu,</strong></span> <span class='ocrx_word' id='word_1_79' title='bbox 1137 1613 1205 1694; x_wconf 88' lang='lat' dir='ltr'><strong>quis</strong></span> <span class='ocrx_word' id='word_1_80' title='bbox 1236 1613 1317 1677; x_wconf 87' lang='lat' dir='ltr'><strong>hene</strong></span> 
     </span>
     <span class='ocr_line' id='line_1_11' title="bbox 182 1709 1369 1799; baseline 0.003 -20"><span class='ocrx_word' id='word_1_81' title='bbox 182 1715 273 1780; x_wconf 87' lang='lat' dir='ltr'><strong>iidem</strong></span> <span class='ocrx_word' id='word_1_82' title='bbox 296 1716 422 1796; x_wconf 75' lang='lat' dir='ltr'><strong>tribuet,</strong></span> <span class='ocrx_word' id='word_1_83' title='bbox 452 1717 535 1782; x_wconf 89' lang='lat' dir='ltr'><strong>idern</strong></span> <span class='ocrx_word' id='word_1_84' title='bbox 559 1717 597 1780; x_wconf 91' lang='lat' dir='ltr'><strong>ed</strong></span> <span class='ocrx_word' id='word_1_85' title='bbox 622 1709 798 1782; x_wconf 83' lang='lat' dir='ltr'><strong>Corinthios</strong></span> <span class='ocrx_word' id='word_1_86' title='bbox 822 1717 979 1799; x_wconf 84' lang='lat' dir='ltr'><strong>apostolus</strong></span> <span class='ocrx_word' id='word_1_87' title='bbox 1003 1717 1173 1780; x_wconf 86' lang='lat' dir='ltr'><strong>deolereuit</strong></span> <span class='ocrx_word' id='word_1_88' title='bbox 1195 1717 1315 1780; x_wconf 90' lang='lat' dir='ltr'><strong>dieens:</strong></span> <span class='ocrx_word' id='word_1_89' title='bbox 1345 1743 1369 1782; x_wconf 82' lang='grc' dir='ltr'><strong>ιο</strong></span> 
     </span>
     <span class='ocr_line' id='line_1_12' title="bbox 181 1820 1315 1903; baseline 0 -19"><span class='ocrx_word' id='word_1_90' title='bbox 181 1825 215 1884; x_wconf 89' lang='lat' dir='ltr'><strong>ut</strong></span> <span class='ocrx_word' id='word_1_91' title='bbox 237 1821 438 1903; x_wconf 85' lang='lat' dir='ltr'><strong>unicnique</strong></span> <span class='ocrx_word' id='word_1_92' title='bbox 462 1821 561 1886; x_wconf 90' lang='lat' dir='ltr'><strong>siout</strong></span> <span class='ocrx_word' id='word_1_93' title='bbox 583 1822 670 1886; x_wconf 89' lang='lat' dir='ltr'><strong>deus</strong></span> <span class='ocrx_word' id='word_1_94' title='bbox 694 1821 825 1885; x_wconf 90' lang='lat' dir='ltr'><strong>diuisit</strong></span> <span class='ocrx_word' id='word_1_95' title='bbox 847 1839 1059 1885; x_wconf 85' lang='lat' dir='ltr'><strong>mensorem</strong></span> <span class='ocrx_word' id='word_1_96' title='bbox 1082 1820 1182 1885; x_wconf 83' lang='lat' dir='ltr'><strong>fidei.</strong></span> <span class='ocrx_word' id='word_1_97' title='bbox 1219 1822 1315 1902; x_wconf 79' lang='lat' dir='ltr'><strong>uideo,</strong></span> 
     </span>
     <span class='ocr_line' id='line_1_13' title="bbox 180 1925 1315 2008; baseline 0.002 -20"><span class='ocrx_word' id='word_1_98' title='bbox 180 1926 259 2006; x_wconf 90' lang='lat' dir='ltr'><strong>qnod</strong></span> <span class='ocrx_word' id='word_1_99' title='bbox 283 1925 496 1990; x_wconf 77' lang='lat' dir='ltr'><strong>indubitanter</strong></span> <span class='ocrx_word' id='word_1_100' title='bbox 518 1926 601 1991; x_wconf 89' lang='lat' dir='ltr'><strong>buno</strong></span> <span class='ocrx_word' id='word_1_101' title='bbox 624 1925 694 1990; x_wconf 85' lang='lat' dir='ltr'><strong>fidei</strong></span> <span class='ocrx_word' id='word_1_102' title='bbox 718 1925 885 1990; x_wconf 88' lang='lat' dir='ltr'><strong>diuisorem</strong></span> <span class='ocrx_word' id='word_1_103' title='bbox 909 1925 1002 1989; x_wconf 90' lang='lat' dir='ltr'><strong>deum</strong></span> <span class='ocrx_word' id='word_1_104' title='bbox 1026 1944 1094 1989; x_wconf 86' lang='lat' dir='ltr'><strong>esse</strong></span> <span class='ocrx_word' id='word_1_105' title='bbox 1124 1926 1315 2008; x_wconf 87' lang='lat' dir='ltr'><strong>pronuntiat.</strong></span> 
     </span>
     <span class='ocr_line' id='line_1_14' title="bbox 180 2029 1317 2114; baseline 0.002 -22"><span class='ocrx_word' id='word_1_106' title='bbox 180 2029 251 2093; x_wconf 88' lang='lat' dir='ltr'><strong>lieet</strong></span> <span class='ocrx_word' id='word_1_107' title='bbox 280 2029 312 2094; x_wconf 93' lang='lat' dir='ltr'><strong>in</strong></span> <span class='ocrx_word' id='word_1_108' title='bbox 342 2033 407 2094; x_wconf 85' lang='lat' dir='ltr'><strong>tern</strong></span> <span class='ocrx_word' id='word_1_109' title='bbox 439 2031 603 2113; x_wconf 79' lang='lat' dir='ltr'><strong>multipiici</strong></span> <span class='ocrx_word' id='word_1_110' title='bbox 626 2033 786 2094; x_wconf 89' lang='lat' dir='ltr'><strong>tentorum</strong></span> <span class='ocrx_word' id='word_1_111' title='bbox 810 2049 974 2094; x_wconf 86' lang='lat' dir='ltr'><strong>munerum</strong></span> <span class='ocrx_word' id='word_1_112' title='bbox 997 2031 1142 2114; x_wconf 78' lang='lat' dir='ltr'><strong>largitate</strong></span> <span class='ocrx_word' id='word_1_113' title='bbox 1165 2030 1233 2113; x_wconf 86' lang='lat' dir='ltr'><strong>ipse</strong></span> <span class='ocrx_word' id='word_1_114' title='bbox 1262 2049 1317 2114; x_wconf 89' lang='lat' dir='ltr'><strong>per</strong></span> 
     </span>
     <span class='ocr_line' id='line_1_15' title="bbox 181 2134 1316 2218; baseline 0.003 -23"><span class='ocrx_word' id='word_1_115' title='bbox 181 2154 213 2196; x_wconf 88' lang='lat' dir='ltr'><strong>se</strong></span> <span class='ocrx_word' id='word_1_116' title='bbox 236 2134 469 2218; x_wconf 82' lang='lat' dir='ltr'><strong>magnificentie</strong></span> <span class='ocrx_word' id='word_1_117' title='bbox 492 2135 593 2218; x_wconf 89' lang='lat' dir='ltr'><strong>operis</strong></span> <span class='ocrx_word' id='word_1_118' title='bbox 616 2135 790 2218; x_wconf 84' lang='lat' dir='ltr'><strong>potentiam</strong></span> <span class='ocrx_word' id='word_1_119' title='bbox 814 2135 959 2216; x_wconf 82' lang='lat' dir='ltr'><strong>loquetur</strong></span> <span class='ocrx_word' id='word_1_120' title='bbox 981 2135 1125 2216; x_wconf 79' lang='lat' dir='ltr'><strong>auctoris,</strong></span> <span class='ocrx_word' id='word_1_121' title='bbox 1150 2138 1255 2198; x_wconf 87' lang='lat' dir='ltr'><strong>temen</strong></span> <span class='ocrx_word' id='word_1_122' title='bbox 1279 2136 1316 2198; x_wconf 93' lang='lat' dir='ltr'><strong>de</strong></span> 
     </span>
     <span class='ocr_line' id='line_1_16' title="bbox 181 2238 1368 2322; baseline 0.003 -22"><span class='ocrx_word' id='word_1_123' title='bbox 181 2257 215 2304; x_wconf 91' lang='lat' dir='ltr'><strong>eo</strong></span> <span class='ocrx_word' id='word_1_124' title='bbox 232 2238 277 2302; x_wconf 90' lang='lat' dir='ltr'><strong>ite</strong></span> <span class='ocrx_word' id='word_1_125' title='bbox 295 2239 461 2304; x_wconf 81' lang='lat' dir='ltr'><strong>conclusit:</strong></span> <span class='ocrx_word' id='word_1_126' title='bbox 485 2239 575 2304; x_wconf 84' lang='lat' dir='ltr'><strong>haee</strong></span> <span class='ocrx_word' id='word_1_127' title='bbox 598 2243 720 2303; x_wconf 86' lang='lat' dir='ltr'><strong>eutem</strong></span> <span class='ocrx_word' id='word_1_128' title='bbox 744 2239 867 2304; x_wconf 87' lang='lat' dir='ltr'><strong>ornnie</strong></span> <span class='ocrx_word' id='word_1_129' title='bbox 889 2242 1065 2322; x_wconf 83' lang='lat' dir='ltr'><strong>operetur</strong></span> <span class='ocrx_word' id='word_1_130' title='bbox 1088 2257 1183 2303; x_wconf 87' lang='lat' dir='ltr'><strong>unus</strong></span> <span class='ocrx_word' id='word_1_131' title='bbox 1207 2244 1316 2320; x_wconf 82' lang='lat' dir='ltr'><strong>etque</strong></span> <span class='ocrx_word' id='word_1_132' title='bbox 1345 2265 1368 2304; x_wconf 79' lang='lat' dir='ltr'><strong>rs</strong></span> 
     </span>
     <span class='ocr_line' id='line_1_17' title="bbox 181 2341 1316 2427; baseline 0.001 -22"><span class='ocrx_word' id='word_1_133' title='bbox 181 2341 274 2406; x_wconf 86' lang='lat' dir='ltr'><strong>idern</strong></span> <span class='ocrx_word' id='word_1_134' title='bbox 297 2343 455 2426; x_wconf 89' lang='lat' dir='ltr'><strong>spiritus</strong></span> <span class='ocrx_word' id='word_1_135' title='bbox 479 2343 650 2408; x_wconf 90' lang='lat' dir='ltr'><strong>diuidens</strong></span> <span class='ocrx_word' id='word_1_136' title='bbox 674 2343 835 2427; x_wconf 85' lang='lat' dir='ltr'><strong>singulis</strong></span> <span class='ocrx_word' id='word_1_137' title='bbox 858 2347 968 2426; x_wconf 90' lang='lat' dir='ltr'><strong>prout</strong></span> <span class='ocrx_word' id='word_1_138' title='bbox 991 2343 1087 2424; x_wconf 90' lang='lat' dir='ltr'><strong>uult,</strong></span> <span class='ocrx_word' id='word_1_139' title='bbox 1116 2343 1316 2407; x_wconf 85' lang='lat' dir='ltr'><strong>sieutotelio</strong></span> 
     </span>
     <span class='ocr_line' id='line_1_18' title="bbox 181 2447 1316 2530; baseline 0 -20"><span class='ocrx_word' id='word_1_140' title='bbox 181 2447 259 2510; x_wconf 88' lang='lat' dir='ltr'><strong>loeo:</strong></span> <span class='ocrx_word' id='word_1_141' title='bbox 295 2447 451 2530; x_wconf 89' lang='lat' dir='ltr'><strong>spiritus</strong></span> <span class='ocrx_word' id='word_1_142' title='bbox 481 2447 543 2511; x_wconf 90' lang='lat' dir='ltr'><strong>ubi</strong></span> <span class='ocrx_word' id='word_1_143' title='bbox 577 2448 659 2511; x_wconf 89' lang='lat' dir='ltr'><strong>uult</strong></span> <span class='ocrx_word' id='word_1_144' title='bbox 693 2447 826 2530; x_wconf 84' lang='lat' dir='ltr'><strong>spiret,</strong></span> <span class='ocrx_word' id='word_1_145' title='bbox 861 2450 893 2511; x_wconf 89' lang='lat' dir='ltr'><strong>et</strong></span> <span class='ocrx_word' id='word_1_146' title='bbox 927 2449 1053 2511; x_wconf 87' lang='lat' dir='ltr'><strong>iterum:</strong></span> <span class='ocrx_word' id='word_1_147' title='bbox 1090 2451 1125 2512; x_wconf 90' lang='lat' dir='ltr'><strong>et</strong></span> <span class='ocrx_word' id='word_1_148' title='bbox 1158 2447 1316 2530; x_wconf 88' lang='lat' dir='ltr'><strong>spiritus</strong></span> 
     </span>
     <span class='ocr_line' id='line_1_19' title="bbox 182 2551 1314 2616; baseline 0 -2"><span class='ocrx_word' id='word_1_149' title='bbox 182 2551 302 2615; x_wconf 86' lang='lat' dir='ltr'><strong>saneti</strong></span> <span class='ocrx_word' id='word_1_150' title='bbox 332 2551 666 2616; x_wconf 88' lang='lat' dir='ltr'><strong>distributionibus</strong></span> <span class='ocrx_word' id='word_1_151' title='bbox 701 2551 902 2616; x_wconf 87' lang='lat' dir='ltr'><strong>seeundum</strong></span> <span class='ocrx_word' id='word_1_152' title='bbox 937 2569 1040 2616; x_wconf 87' lang='lat' dir='ltr'><strong>suem</strong></span> <span class='ocrx_word' id='word_1_153' title='bbox 1070 2552 1314 2616; x_wconf 83' lang='lat' dir='ltr'><strong>uoluntatem.</strong></span> 
     </span>
     <span class='ocr_line' id='line_1_20' title="bbox 182 2655 1317 2739; baseline 0 -21"><span class='ocrx_word' id='word_1_154' title='bbox 182 2674 241 2718; x_wconf 91' lang='lat' dir='ltr'><strong>non</strong></span> <span class='ocrx_word' id='word_1_155' title='bbox 264 2655 316 2719; x_wconf 89' lang='lat' dir='ltr'><strong>hio</strong></span> <span class='ocrx_word' id='word_1_156' title='bbox 339 2675 412 2739; x_wconf 84' lang='lat' dir='ltr'><strong>ergo</strong></span> <span class='ocrx_word' id='word_1_157' title='bbox 436 2661 484 2720; x_wconf 89' lang='lat' dir='ltr'><strong>est</strong></span> <span class='ocrx_word' id='word_1_158' title='bbox 506 2655 664 2720; x_wconf 79' lang='lat' dir='ltr'><strong>subiectae</strong></span> <span class='ocrx_word' id='word_1_159' title='bbox 689 2656 895 2720; x_wconf 90' lang='lat' dir='ltr'><strong>ministerium</strong></span> <span class='ocrx_word' id='word_1_160' title='bbox 919 2655 1089 2735; x_wconf 66' lang='lat' dir='ltr'><strong>seruitutis</strong></span> <span class='ocrx_word' id='word_1_161' title='bbox 1120 2655 1174 2719; x_wconf 88' lang='lat' dir='ltr'><strong>sed</strong></span> <span class='ocrx_word' id='word_1_162' title='bbox 1201 2655 1317 2718; x_wconf 86' lang='lat' dir='ltr'><strong>liberae</strong></span> 
     </span>
     <span class='ocr_line' id='line_1_21' title="bbox 182 2758 1370 2843; baseline 0.002 -21"><span class='ocrx_word' id='word_1_163' title='bbox 182 2759 343 2824; x_wconf 85' lang='lat' dir='ltr'><strong>arbitrium</strong></span> <span class='ocrx_word' id='word_1_164' title='bbox 354 2761 516 2842; x_wconf 84' lang='lat' dir='ltr'><strong>potestatis</strong></span> <span class='ocrx_word' id='word_1_165' title='bbox 530 2765 624 2843; x_wconf 86' lang='lat' dir='ltr'><strong>etque</strong></span> <span class='ocrx_word' id='word_1_166' title='bbox 638 2761 669 2824; x_wconf 91' lang='lat' dir='ltr'><strong>in</strong></span> <span class='ocrx_word' id='word_1_167' title='bbox 683 2761 863 2824; x_wconf 81' lang='lat' dir='ltr'><strong>caelestium</strong></span> <span class='ocrx_word' id='word_1_168' title='bbox 880 2761 1031 2824; x_wconf 87' lang='lat' dir='ltr'><strong>bonorum</strong></span> <span class='ocrx_word' id='word_1_169' title='bbox 1048 2758 1317 2823; x_wconf 86' lang='lat' dir='ltr'><strong>distributionibus</strong></span> <span class='ocrx_word' id='word_1_170' title='bbox 1344 2785 1370 2824; x_wconf 79' lang='lat' dir='ltr'><strong>eo</strong></span> 
     </span>
     <span class='ocr_line' id='line_1_22' title="bbox 182 2863 1319 2948; baseline 0 -22"><span class='ocrx_word' id='word_1_171' title='bbox 182 2882 322 2928; x_wconf 86' lang='lat' dir='ltr'><strong>summae</strong></span> <span class='ocrx_word' id='word_1_172' title='bbox 344 2865 499 2948; x_wconf 75' lang='lat' dir='ltr'><strong>largitatis</strong></span> <span class='ocrx_word' id='word_1_173' title='bbox 523 2869 571 2928; x_wconf 89' lang='lat' dir='ltr'><strong>est</strong></span> <span class='ocrx_word' id='word_1_174' title='bbox 593 2864 778 2928; x_wconf 82' lang='lat' dir='ltr'><strong>inexhauste</strong></span> <span class='ocrx_word' id='word_1_175' title='bbox 800 2865 908 2946; x_wconf 77' lang='lat' dir='ltr'><strong>pietas.</strong></span> <span class='ocrx_word' id='word_1_176' title='bbox 948 2863 1028 2946; x_wconf 89' lang='lat' dir='ltr'><strong>quod</strong></span> <span class='ocrx_word' id='word_1_177' title='bbox 1052 2863 1142 2926; x_wconf 83' lang='lat' dir='ltr'><strong>dicit:</strong></span> <span class='ocrx_word' id='word_1_178' title='bbox 1173 2867 1205 2927; x_wconf 90' lang='lat' dir='ltr'><strong>et</strong></span> <span class='ocrx_word' id='word_1_179' title='bbox 1228 2863 1319 2946; x_wconf 90' lang='lat' dir='ltr'><strong>spiri-</strong></span> 
     </span>
     <span class='ocr_line' id='line_1_23' title="bbox 182 2967 1315 3049; baseline 0 -19"><span class='ocrx_word' id='word_1_180' title='bbox 182 2974 230 3030; x_wconf 84' lang='lat' dir='ltr'><strong>tus</strong></span> <span class='ocrx_word' id='word_1_181' title='bbox 251 2968 351 3032; x_wconf 86' lang='lat' dir='ltr'><strong>saneti</strong></span> <span class='ocrx_word' id='word_1_182' title='bbox 373 2967 657 3049; x_wconf 86' lang='lat' dir='ltr'><strong>distributionibus,</strong></span> <span class='ocrx_word' id='word_1_183' title='bbox 682 2969 740 3032; x_wconf 89' lang='lat' dir='ltr'><strong>iste</strong></span> <span class='ocrx_word' id='word_1_184' title='bbox 756 2968 948 3048; x_wconf 87' lang='lat' dir='ltr'><strong>distributor,</strong></span> <span class='ocrx_word' id='word_1_185' title='bbox 971 2967 1002 3030; x_wconf 94' lang='lat' dir='ltr'><strong>id</strong></span> <span class='ocrx_word' id='word_1_186' title='bbox 1018 2971 1066 3032; x_wconf 91' lang='lat' dir='ltr'><strong>est</strong></span> <span class='ocrx_word' id='word_1_187' title='bbox 1081 2967 1195 3032; x_wconf 91' lang='lat' dir='ltr'><strong>diuisor</strong></span> <span class='ocrx_word' id='word_1_188' title='bbox 1211 2971 1315 3031; x_wconf 87' lang='lat' dir='ltr'><strong>utrum</strong></span> 
     </span>
     <span class='ocr_line' id='line_1_24' title="bbox 181 3071 1317 3154; baseline 0.001 -20"><span class='ocrx_word' id='word_1_189' title='bbox 181 3071 330 3151; x_wconf 85' lang='lat' dir='ltr'><strong>deussit,</strong></span> <span class='ocrx_word' id='word_1_190' title='bbox 355 3071 392 3136; x_wconf 85' lang='lat' dir='ltr'><strong>ad</strong></span> <span class='ocrx_word' id='word_1_191' title='bbox 417 3071 593 3138; x_wconf 81' lang='lat' dir='ltr'><strong>Corinthios</strong></span> <span class='ocrx_word' id='word_1_192' title='bbox 617 3072 720 3137; x_wconf 91' lang='lat' dir='ltr'><strong>doeuit</strong></span> <span class='ocrx_word' id='word_1_193' title='bbox 743 3072 862 3137; x_wconf 80' lang='lat' dir='ltr'><strong>dicens:</strong></span> <span class='ocrx_word' id='word_1_194' title='bbox 895 3075 932 3136; x_wconf 92' lang='lat' dir='ltr'><strong>et</strong></span> <span class='ocrx_word' id='word_1_195' title='bbox 955 3071 1164 3136; x_wconf 90' lang='lat' dir='ltr'><strong>diuisiones</strong></span> <span class='ocrx_word' id='word_1_196' title='bbox 1191 3089 1317 3154; x_wconf 84' lang='lat' dir='ltr'><strong>opere·</strong></span> 
     </span>
     <span class='ocr_line' id='line_1_25' title="bbox 181 3175 1318 3260; baseline 0.002 -21"><span class='ocrx_word' id='word_1_197' title='bbox 181 3175 323 3240; x_wconf 89' lang='lat' dir='ltr'><strong>tionum</strong></span> <span class='ocrx_word' id='word_1_198' title='bbox 346 3181 447 3256; x_wconf 81' lang='lat' dir='ltr'><strong>sunt,</strong></span> <span class='ocrx_word' id='word_1_199' title='bbox 478 3177 575 3240; x_wconf 87' lang='lat' dir='ltr'><strong>idern</strong></span> <span class='ocrx_word' id='word_1_200' title='bbox 599 3179 724 3241; x_wconf 88' lang='lat' dir='ltr'><strong>entem</strong></span> <span class='ocrx_word' id='word_1_201' title='bbox 747 3177 846 3241; x_wconf 88' lang='lat' dir='ltr'><strong>deus.</strong></span> <span class='ocrx_word' id='word_1_202' title='bbox 884 3176 1018 3260; x_wconf 84' lang='lat' dir='ltr'><strong>legimus</strong></span> <span class='ocrx_word' id='word_1_203' title='bbox 1045 3177 1076 3240; x_wconf 93' lang='lat' dir='ltr'><strong>in</strong></span> <span class='ocrx_word' id='word_1_204' title='bbox 1100 3175 1221 3240; x_wconf 85' lang='lat' dir='ltr'><strong>eotibus</strong></span> <span class='ocrx_word' id='word_1_205' title='bbox 1244 3194 1318 3259; x_wconf 87' lang='lat' dir='ltr'><strong>epo-</strong></span> 
     </span>
     <span class='ocr_line' id='line_1_26' title="bbox 180 3280 1370 3364; baseline 0.001 -22"><span class='ocrx_word' id='word_1_206' title='bbox 180 3283 345 3346; x_wconf 88' lang='lat' dir='ltr'><strong>stolorum:</strong></span> <span class='ocrx_word' id='word_1_207' title='bbox 377 3281 577 3362; x_wconf 82' lang='lat' dir='ltr'><strong>attendite,</strong></span> <span class='ocrx_word' id='word_1_208' title='bbox 609 3281 721 3363; x_wconf 88' lang='lat' dir='ltr'><strong>inquit,</strong></span> <span class='ocrx_word' id='word_1_209' title='bbox 751 3281 859 3346; x_wconf 90' lang='lat' dir='ltr'><strong>uobis</strong></span> <span class='ocrx_word' id='word_1_210' title='bbox 883 3285 918 3345; x_wconf 89' lang='lat' dir='ltr'><strong>et</strong></span> <span class='ocrx_word' id='word_1_211' title='bbox 940 3280 1116 3344; x_wconf 88' lang='lat' dir='ltr'><strong>uniuerso</strong></span> <span class='ocrx_word' id='word_1_212' title='bbox 1139 3281 1259 3364; x_wconf 84' lang='lat' dir='ltr'><strong>gregi,</strong></span> <span class='ocrx_word' id='word_1_213' title='bbox 1287 3281 1318 3344; x_wconf 95' lang='lat' dir='ltr'><strong>in</strong></span> <span class='ocrx_word' id='word_1_214' title='bbox 1345 3305 1370 3344; x_wconf 73' lang='lat' dir='ltr'><strong>e</strong></span> 
     </span>
     <span class='ocr_line' id='line_1_27' title="bbox 180 3385 1318 3469; baseline 0 -21"><span class='ocrx_word' id='word_1_215' title='bbox 180 3403 246 3466; x_wconf 87' lang='lat' dir='ltr'><strong>quo</strong></span> <span class='ocrx_word' id='word_1_216' title='bbox 262 3403 328 3448; x_wconf 88' lang='lat' dir='ltr'><strong>uos</strong></span> <span class='ocrx_word' id='word_1_217' title='bbox 344 3385 499 3467; x_wconf 88' lang='lat' dir='ltr'><strong>spiritus</strong></span> <span class='ocrx_word' id='word_1_218' title='bbox 517 3389 670 3450; x_wconf 82' lang='lat' dir='ltr'><strong>sanetus</strong></span> <span class='ocrx_word' id='word_1_219' title='bbox 690 3387 816 3469; x_wconf 85' lang='lat' dir='ltr'><strong>posuit</strong></span> <span class='ocrx_word' id='word_1_220' title='bbox 837 3385 1031 3469; x_wconf 79' lang='lat' dir='ltr'><strong>episcopos</strong></span> <span class='ocrx_word' id='word_1_221' title='bbox 1052 3403 1181 3468; x_wconf 84' lang='lat' dir='ltr'><strong>regere</strong></span> <span class='ocrx_word' id='word_1_222' title='bbox 1202 3385 1318 3448; x_wconf 85' lang='lat' dir='ltr'><strong>eoele-</strong></span> 
     </span>
     <span class='ocr_line' id='line_1_28' title="bbox 180 3487 1317 3574; baseline 0 -22"><span class='ocrx_word' id='word_1_223' title='bbox 180 3489 271 3552; x_wconf 86' lang='lat' dir='ltr'><strong>siem</strong></span> <span class='ocrx_word' id='word_1_224' title='bbox 296 3489 363 3553; x_wconf 86' lang='lat' dir='ltr'><strong>dei.</strong></span> <span class='ocrx_word' id='word_1_225' title='bbox 398 3490 491 3569; x_wconf 89' lang='lat' dir='ltr'><strong>hune,</strong></span> <span class='ocrx_word' id='word_1_226' title='bbox 513 3490 565 3571; x_wconf 89' lang='lat' dir='ltr'><strong>qni</strong></span> <span class='ocrx_word' id='word_1_227' title='bbox 580 3489 685 3574; x_wconf 87' lang='lat' dir='ltr'><strong>posuit</strong></span> <span class='ocrx_word' id='word_1_228' title='bbox 700 3489 861 3573; x_wconf 84' lang='lat' dir='ltr'><strong>episeopus</strong></span> <span class='ocrx_word' id='word_1_229' title='bbox 878 3489 910 3553; x_wconf 93' lang='lat' dir='ltr'><strong>in</strong></span> <span class='ocrx_word' id='word_1_230' title='bbox 926 3489 1067 3570; x_wconf 81' lang='lat' dir='ltr'><strong>ecelesia,</strong></span> <span class='ocrx_word' id='word_1_231' title='bbox 1087 3488 1126 3552; x_wconf 86' lang='lat' dir='ltr'><strong>ed</strong></span> <span class='ocrx_word' id='word_1_232' title='bbox 1141 3487 1317 3554; x_wconf 77' lang='lat' dir='ltr'><strong>Corinthios</strong></span> 
     </span>
     <span class='ocr_line' id='line_1_29' title="bbox 178 3593 1319 3676; baseline 0 -20"><span class='ocrx_word' id='word_1_233' title='bbox 178 3611 234 3657; x_wconf 84' lang='lat' dir='ltr'><strong>uas</strong></span> <span class='ocrx_word' id='word_1_234' title='bbox 258 3594 419 3658; x_wconf 83' lang='lat' dir='ltr'><strong>electionis</strong></span> <span class='ocrx_word' id='word_1_235' title='bbox 443 3594 537 3658; x_wconf 89' lang='lat' dir='ltr'><strong>deum</strong></span> <span class='ocrx_word' id='word_1_236' title='bbox 561 3613 628 3658; x_wconf 87' lang='lat' dir='ltr'><strong>esse</strong></span> <span class='ocrx_word' id='word_1_237' title='bbox 652 3594 791 3659; x_wconf 78' lang='lat' dir='ltr'><strong>declaret</strong></span> <span class='ocrx_word' id='word_1_238' title='bbox 813 3594 857 3658; x_wconf 83' lang='lat' dir='ltr'><strong>ite</strong></span> <span class='ocrx_word' id='word_1_239' title='bbox 883 3593 1003 3658; x_wconf 82' lang='lat' dir='ltr'><strong>dicens:</strong></span> <span class='ocrx_word' id='word_1_240' title='bbox 1034 3594 1210 3676; x_wconf 86' lang='lat' dir='ltr'><strong>quosdam</strong></span> <span class='ocrx_word' id='word_1_241' title='bbox 1242 3593 1319 3675; x_wconf 87' lang='lat' dir='ltr'><strong>qui-</strong></span> 
     </span>
    </p>

    <p class='ocr_par' dir='ltr' id='par_1_5' title="bbox 281 3721 1317 3792">
     <span class='ocr_line' id='line_1_30' title="bbox 281 3721 1317 3792; baseline 0 -16"><span class='ocrx_word' id='word_1_242' title='bbox 281 3721 528 3791; x_wconf 78' lang='lat' dir='ltr'><strong>61100r.12,13.</strong></span> <span class='ocrx_word' id='word_1_243' title='bbox 587 3721 615 3792; x_wconf 86' lang='lat'><strong>9]</strong></span> <span class='ocrx_word' id='word_1_244' title='bbox 638 3721 724 3778; x_wconf 87' lang='lat' dir='ltr'><strong>lCor.</strong></span> <span class='ocrx_word' id='word_1_245' title='bbox 739 3723 779 3785; x_wconf 82' lang='lat'><strong>12,</strong></span> <span class='ocrx_word' id='word_1_246' title='bbox 792 3725 816 3776; x_wconf 89' lang='lat'><strong>9.</strong></span> <span class='ocrx_word' id='word_1_247' title='bbox 873 3721 916 3791; x_wconf 93' lang='lat'><strong>11]</strong></span> <span class='ocrx_word' id='word_1_248' title='bbox 936 3721 1012 3776; x_wconf 87' lang='lat' dir='ltr'><strong>Rom.</strong></span> <span class='ocrx_word' id='word_1_249' title='bbox 1028 3723 1068 3786; x_wconf 80' lang='lat'><strong>12,</strong></span> <span class='ocrx_word' id='word_1_250' title='bbox 1081 3724 1104 3778; x_wconf 88' lang='lat'><strong>3.</strong></span> <span class='ocrx_word' id='word_1_251' title='bbox 1169 3721 1317 3790; x_wconf 83' lang='lat' dir='ltr'><strong>15]1cer.</strong></span> 
     </span>
    </p>
   </div>
   <div class='ocr_carea' id='block_1_5' title="bbox 178 3807 1316 3966">
    <p class='ocr_par' dir='ltr' id='par_1_6' title="bbox 178 3807 1316 3966">
     <span class='ocr_line' id='line_1_31' title="bbox 180 3807 1316 3878; baseline -0.001 -14"><span class='ocrx_word' id='word_1_252' title='bbox 180 3811 218 3872; x_wconf 85' lang='lat'><strong>12.</strong></span> <span class='ocrx_word' id='word_1_253' title='bbox 233 3813 274 3866; x_wconf 91' lang='lat'><strong>11.</strong></span> <span class='ocrx_word' id='word_1_254' title='bbox 324 3809 368 3878; x_wconf 74' lang='grc' dir='ltr'><strong>ιτ]</strong></span> <span class='ocrx_word' id='word_1_255' title='bbox 387 3809 547 3874; x_wconf 69' lang='lat' dir='ltr'><strong>rennes.</strong></span> <span class='ocrx_word' id='word_1_256' title='bbox 596 3807 746 3877; x_wconf 61' lang='lat' dir='ltr'><strong>neuneu</strong></span> <span class='ocrx_word' id='word_1_257' title='bbox 793 3809 841 3878; x_wconf 84' lang='lat' dir='ltr'><strong>ee]</strong></span> <span class='ocrx_word' id='word_1_258' title='bbox 861 3807 1034 3874; x_wconf 64' lang='lat' dir='ltr'><strong>lueres.</strong></span> <span class='ocrx_word' id='word_1_259' title='bbox 1088 3807 1134 3877; x_wconf 86' lang='lat'><strong>25]</strong></span> <span class='ocrx_word' id='word_1_260' title='bbox 1152 3807 1211 3862; x_wconf 77' lang='lat' dir='ltr'><strong>ee</strong></span> <span class='ocrx_word' id='word_1_261' title='bbox 1223 3811 1316 3872; x_wconf 79' lang='lat' dir='ltr'><strong>euos.</strong></span> 
     </span>
     <span class='ocr_line' id='line_1_32' title="bbox 178 3895 441 3966; baseline -0.008 -14"><span class='ocrx_word' id='word_1_262' title='bbox 178 3895 441 3966; x_wconf 80' lang='lat' dir='ltr'><strong>2811cer.12‚28.</strong></span> 
     </span>
    </p>
   </div>
   <div class='ocr_carea' id='block_1_6' title="bbox 178 3975 1319 4504">
    <p class='ocr_par' dir='ltr' id='par_1_7' title="bbox 178 3975 1319 4504">
     <span class='ocr_line' id='line_1_33' title="bbox 221 3975 1318 4079; baseline 0 -15"><span class='ocrx_word' id='word_1_263' title='bbox 221 4013 400 4066; x_wconf 65' lang='lat' dir='ltr'><strong>settene</strong></span> <span class='ocrx_word' id='word_1_264' title='bbox 470 4009 689 4079; x_wconf 78' lang='lat' dir='ltr'><strong>dossingnetP</strong></span> <span class='ocrx_word' id='word_1_265' title='bbox 757 3975 1135 4076; x_wconf 64' lang='lat' dir='ltr'><strong>isimustmoeoit.)</strong></span> <span class='ocrx_word' id='word_1_266' title='bbox 1204 4008 1318 4064; x_wconf 75' lang='lat' dir='ltr'><strong>deuote</strong></span> 
     </span>
     <span class='ocr_line' id='line_1_34' title="bbox 179 4095 1318 4154; baseline 0.001 -5"><span class='ocrx_word' id='word_1_267' title='bbox 179 4095 350 4150; x_wconf 86' lang='lat' dir='ltr'><strong>multitudine</strong></span> <span class='ocrx_word' id='word_1_268' title='bbox 369 4097 456 4152; x_wconf 80' lang='lat' dir='ltr'><strong>denuo</strong></span> <span class='ocrx_word' id='word_1_269' title='bbox 474 4097 537 4152; x_wconf 80' lang='lat' dir='ltr'><strong>odd.</strong></span> <span class='ocrx_word' id='word_1_270' title='bbox 557 4097 584 4152; x_wconf 84' lang='lat' dir='ltr'><strong><em>R</em></strong></span> <span class='ocrx_word' id='word_1_271' title='bbox 636 4097 779 4154; x_wconf 78' lang='lat' dir='ltr'><strong>Somnino</strong></span> <span class='ocrx_word' id='word_1_272' title='bbox 798 4095 885 4152; x_wconf 83' lang='lat' dir='ltr'><strong>dieiv</strong></span> <span class='ocrx_word' id='word_1_273' title='bbox 943 4099 975 4151; x_wconf 88' lang='grc'><strong>13</strong></span> <span class='ocrx_word' id='word_1_274' title='bbox 994 4097 1137 4150; x_wconf 78' lang='lat' dir='ltr'><strong>numerord</strong></span> <span class='ocrx_word' id='word_1_275' title='bbox 1156 4097 1183 4150; x_wconf 94' lang='lat' dir='ltr'><strong><em>P</em></strong></span> <span class='ocrx_word' id='word_1_276' title='bbox 1240 4098 1272 4150; x_wconf 87' lang='grc'><strong>17</strong></span> <span class='ocrx_word' id='word_1_277' title='bbox 1290 4101 1318 4149; x_wconf 82' lang='lat' dir='ltr'><strong>et</strong></span> 
     </span>
     <span class='ocr_line' id='line_1_35' title="bbox 179 4181 1317 4240; baseline -0.003 -4"><span class='ocrx_word' id='word_1_278' title='bbox 179 4183 272 4237; x_wconf 78' lang='lat' dir='ltr'><strong>iterum</strong></span> <span class='ocrx_word' id='word_1_279' title='bbox 292 4203 343 4238; x_wconf 76' lang='lat' dir='ltr'><strong>one.</strong></span> <span class='ocrx_word' id='word_1_280' title='bbox 363 4185 390 4240; x_wconf 86' lang='lat' dir='ltr'><em>R</em></span> <span class='ocrx_word' id='word_1_281' title='bbox 454 4187 485 4240; x_wconf 89' lang='lat'><strong>19</strong></span> <span class='ocrx_word' id='word_1_282' title='bbox 504 4183 621 4238; x_wconf 79' lang='lat' dir='ltr'><strong>subiecto</strong></span> <span class='ocrx_word' id='word_1_283' title='bbox 639 4184 668 4239; x_wconf 91' lang='lat' dir='ltr'><em>P</em></span> <span class='ocrx_word' id='word_1_284' title='bbox 728 4183 971 4237; x_wconf 85' lang='lat' dir='ltr'><strong>ministeriorumo</strong></span> <span class='ocrx_word' id='word_1_285' title='bbox 1031 4181 1113 4236; x_wconf 88' lang='lat' dir='ltr'><strong>libere</strong></span> <span class='ocrx_word' id='word_1_286' title='bbox 1131 4183 1158 4238; x_wconf 84' lang='lat' dir='ltr'><strong><em>R</em></strong></span> <span class='ocrx_word' id='word_1_287' title='bbox 1213 4185 1244 4238; x_wconf 80' lang='lat'><strong>21</strong></span> <span class='ocrx_word' id='word_1_288' title='bbox 1265 4181 1317 4234; x_wconf 84' lang='lat' dir='ltr'><strong>ler-</strong></span> 
     </span>
     <span class='ocr_line' id='line_1_36' title="bbox 178 4267 1317 4341; baseline -0.001 -18"><span class='ocrx_word' id='word_1_289' title='bbox 178 4271 245 4338; x_wconf 71' lang='lat' dir='ltr'><strong>gitns</strong></span> <span class='ocrx_word' id='word_1_290' title='bbox 256 4273 283 4326; x_wconf 83' lang='grc' dir='ltr'><em>Ρ</em></span> <span class='ocrx_word' id='word_1_291' title='bbox 328 4271 481 4326; x_wconf 79' lang='lat' dir='ltr'><strong>exhaustae</strong></span> <span class='ocrx_word' id='word_1_292' title='bbox 528 4271 673 4341; x_wconf 81' lang='lat' dir='ltr'><strong>pietetisP</strong></span> <span class='ocrx_word' id='word_1_293' title='bbox 718 4270 876 4340; x_wconf 87' lang='lat' dir='ltr'><strong>quomodoo</strong></span> <span class='ocrx_word' id='word_1_294' title='bbox 922 4267 1317 4338; x_wconf 77' lang='lat' dir='ltr'><strong>22distributionibuseeripei‚</strong></span> 
     </span>
     <span class='ocr_line' id='line_1_37' title="bbox 179 4355 1319 4430; baseline 0.001 -20"><span class='ocrx_word' id='word_1_295' title='bbox 179 4357 374 4412; x_wconf 84' lang='lat' dir='ltr'><strong>distributionis</strong></span> <span class='ocrx_word' id='word_1_296' title='bbox 393 4359 446 4415; x_wconf 82' lang='lat' dir='ltr'><strong>PR</strong></span> <span class='ocrx_word' id='word_1_297' title='bbox 499 4358 560 4430; x_wconf 86' lang='lat' dir='ltr'><strong>iste]</strong></span> <span class='ocrx_word' id='word_1_298' title='bbox 579 4363 620 4412; x_wconf 88' lang='lat' dir='ltr'><strong>est</strong></span> <span class='ocrx_word' id='word_1_299' title='bbox 638 4359 672 4426; x_wconf 85' lang='lat' dir='ltr'><strong>R,</strong></span> <span class='ocrx_word' id='word_1_300' title='bbox 692 4357 741 4412; x_wconf 86' lang='lat' dir='ltr'><strong>iste</strong></span> <span class='ocrx_word' id='word_1_301' title='bbox 760 4361 834 4414; x_wconf 86' lang='lat' dir='ltr'><strong>estu</strong></span> <span class='ocrx_word' id='word_1_302' title='bbox 886 4359 920 4416; x_wconf 82' lang='lat'><strong>23</strong></span> <span class='ocrx_word' id='word_1_303' title='bbox 938 4355 1100 4428; x_wconf 70' lang='lat' dir='ltr'><strong>oper-ariole</strong></span> <span class='ocrx_word' id='word_1_304' title='bbox 1156 4357 1191 4412; x_wconf 79' lang='lat'><strong>26</strong></span> <span class='ocrx_word' id='word_1_305' title='bbox 1209 4371 1273 4424; x_wconf 88' lang='lat' dir='ltr'><strong>quos</strong></span> <span class='ocrx_word' id='word_1_306' title='bbox 1292 4357 1319 4411; x_wconf 88' lang='lat' dir='ltr'><strong><em>P</em></strong></span> 
     </span>
     <span class='ocr_line' id='line_1_38' title="bbox 179 4445 411 4504; baseline 0.017 -4"><span class='ocrx_word' id='word_1_307' title='bbox 179 4447 210 4500; x_wconf 79' lang='lat'><strong>27</strong></span> <span class='ocrx_word' id='word_1_308' title='bbox 228 4445 411 4504; x_wconf 82' lang='lat' dir='ltr'><strong>eoelesiemR</strong></span> 
     </span>
    </p>
   </div>
   <div class='ocr_carea' id='block_1_7' title="bbox 0 0 1626 5130">
    <p class='ocr_par' dir='ltr' id='par_1_8' title="bbox 0 0 1626 5130">
     <span class='ocr_line' id='line_1_39' title="bbox 0 0 1626 5130; baseline 0 0"><span class='ocrx_word' id='word_1_309' title='bbox 0 0 1626 5130; x_wconf 95' lang='lat' dir='ltr'><strong> </strong></span> 
     </span>
    </p>
   </div>
  </div>
 </body>
</html>
