3264 5134
249 475 290 541 26
708 477 728 531 Ι.
748 477 791 531 De
809 477 917 544 gratia

248 635 358 717 inquit,
382 636 464 700 uult
486 638 570 718 post
592 654 646 699 me
670 636 810 717 uenire,
842 635 1002 719 abneget
1031 655 1069 700 sc
1096 636 1217 720 ipsum
1245 635 1318 700 sibi
1344 639 1379 700 at

249 739 361 804 tollat
384 758 528 803 erucem
551 757 653 804 suam
677 743 713 803 et
728 743 989 820 sequaturme,
1012 740 1070 804 hoc
1086 743 1134 804 est
1149 741 1268 806 dicere:
1292 758 1379 804 meae

248 843 456 908 miserationis
480 848 537 924 est,
561 846 596 907 ut
619 843 747 922 noceria,
771 843 826 906 sed
849 846 921 907 tuae
937 843 1092 908 uoluntati
1107 846 1298 908 conmissum
1321 847 1379 924 est,

139 971 140 976 ¹
248 951 283 1010 ut
306 948 454 1028 sequaris.

210 1083 222 1120 e
291 1050 459 1115 Uideamus
488 1053 514 1116 si
539 1052 715 1134 parotium
743 1052 782 1116 ad
809 1071 842 1116 se
870 1052 982 1116 inuitat
1011 1052 1169 1117 hominem
1195 1052 1280 1116 deus.
1319 1052 1380 1118 ab·

249 1159 370 1238 neget,
393 1156 504 1237 inquit,
528 1175 566 1220 se
589 1157 710 1240 ipsum
733 1156 821 1238 sibi,
848 1157 960 1236 idest,
992 1157 1045 1238 qui
1075 1157 1176 1221 malus
1205 1161 1253 1221 est
1279 1156 1378 1222 bonus

248 1277 316 1322 esse
343 1259 509 1324 contendat
538 1263 569 1323 et
598 1261 776 1343 supplicans
808 1261 906 1325 dicat:
941 1265 977 1325 ct
1007 1279 1047 1324 ex
1077 1261 1273 1326 uoluntate
1302 1279 1380 1324 mea

247 1363 457 1428 confitebor
480 1365 547 1428 illi.
579 1363 704 1428 iubetur
719 1367 929 1448 unusquisque
945 1365 1158 1442 enuoluntete
1174 1365 1323 1445 conuerti,
1339 1383 1379 1428 ue

246 1471 388 1548 peccator
403 1467 535 1532 fortasse
551 1467 693 1551 desperet
714 1469 747 1532 in
770 1469 879 1532 melius
903 1488 936 1532 se
959 1486 1050 1552 posse
1073 1469 1198 1532 mutari.
1228 1469 1259 1532 si
1282 1469 1377 1550 quis,

196 1603 221 1642 10
247 1570 358 1652 inquit,
381 1571 462 1634 uult
484 1575 570 1655 post
591 1591 646 1636 mc
669 1572 808 1653 uenire,
837 1570 998 1656 abneget
1025 1591 1062 1636 se
1089 1573 1210 1654 ipsum
1238 1570 1324 1652 sibi,
1346 1572 1377 1635 id

246 1677 310 1754 est,
341 1675 419 1738 alter
450 1674 601 1738 efficiatur
635 1695 671 1739 eu
705 1677 810 1740 altero.
855 1676 1007 1758 patientia
1039 1676 1144 1739 uincet
1176 1676 1378 1755 iracundiam,

245 1779 452 1861 temperantia
465 1779 600 1843 refrenet
615 1780 907 1863 concupiscentiam,
931 1779 1092 1844 humilitas
1114 1779 1257 1844 exturbet
1272 1799 1379 1862 super-

245 1881 340 1962 biam,
364 1901 437 1946 crux
460 1885 599 1948 conterat
622 1883 825 1966 uoluptatem.
864 1884 931 1965 quis
954 1883 1120 1948 haeceine
1143 1883 1248 1948 labore
1268 1883 1377 1963 cordis,

246 1987 312 2050 sine
335 1986 508 2051 adflictione
532 1988 643 2067 carnis,
667 1987 735 2052 siue
752 2005 865 2071 magno
881 1987 1015 2052 hominis
1033 1989 1193 2070 utriusque
1209 1989 1378 2052 luctamine

197 2121 220 2158 re
246 2091 412 2156 dormienti
442 2090 502 2154 sibi
528 2111 583 2174 per
610 2092 709 2156 solam
739 2092 872 2176 gratiam
902 2091 1047 2156 aestimet
1075 2091 1282 2156 conferenda?
1320 2089 1378 2154 ab·

246 2199 357 2278 neget
380 2214 417 2258 se
439 2195 559 2276 ipsum
582 2195 667 2276 sibi,
690 2196 749 2259 hoo
772 2199 820 2259 cst
842 2195 960 2260 dicere:
984 2213 1001 2258 o
1024 2196 1126 2275 homo,
1150 2213 1211 2259 non
1234 2198 1324 2276 putes
1347 2198 1377 2259 te

246 2300 289 2363 ita
312 2299 349 2362 ab
373 2303 498 2363 auctore
521 2301 574 2362 tuo
598 2299 766 2379 eonditum,
791 2303 825 2362 ut
848 2299 884 2362 de
907 2299 1012 2382 iniquo
1034 2300 1146 2379 iustus,
1170 2299 1207 2362 de
1222 2299 1377 2363 luxurioso

246 2406 361 2482 castus,
393 2403 431 2466 de
458 2403 605 2467 maliuolo
628 2402 782 2486 benignus
806 2422 874 2467 esse
897 2421 959 2468 non
982 2403 1090 2486 possis.
1129 2403 1211 2484 quod
1240 2405 1276 2466 ut
1305 2421 1377 2467 con-

246 2507 333 2587 sequi
356 2507 472 2586 baleae,
495 2525 557 2571 non
580 2507 697 2570 factura
724 2507 756 2570 in
784 2510 814 2570 te
838 2511 886 2570 est
907 2507 1068 2587 mutanda,
1099 2507 1152 2570 sed
1180 2505 1254 2569 uita.
1293 2525 1376 2570 nnnc

194 2645 219 2683 ro
245 2611 306 2674 iste
335 2610 471 2674 dicentes
502 2629 563 2675 non
593 2610 733 2674 laborem
762 2611 880 2694 gratiae
911 2628 1133 2692 coaequamus,
1166 2609 1220 2674 sed
1252 2610 1376 2674 omnino

245 2715 379 2798 gretiam
403 2714 468 2778 sine
491 2715 722 2798 comparatione
744 2715 972 2798 praeponimus.

760 2905 863 2970 vnn
948 2873 958 2890 ’

246 3048 395 3098 QUOMODO
418 3049 682 3092 lnuuuuucnnnuu
705 3049 767 3090 SIT:
796 3049 857 3090 NON
884 3048 1035 3089 UOIAEN'I'IS
1062 3048 1166 3096 NEQUE
1194 3047 1375 3108 cuununuls,

245 3137 304 3178 SED
328 3135 513 3178 NISEBENTIS
537 3136 593 3178 EST
616 3135 682 3195 DEI,
709 3135 771 3178 UNI,
793 3135 902 3176 lunum:
930 3134 991 3176 NON
1014 3135 1087 3176 UENI
1109 3134 1234 3178 UOOANE
1257 3133 1374 3195 IUSTOS,

193 3233 218 3272 25
513 3222 572 3263 SED
595 3221 793 3264 racemosus
816 3223 848 3263 IN
869 3221 1111 3264 comminabundus.

287 3339 347 3405 Sed
369 3340 462 3404 dicis:
493 3341 525 3404 in
555 3343 678 3404 tantum
702 3340 780 3403 nihil
803 3342 851 3403 est
872 3338 1019 3418 hominis,
1050 3339 1104 3402 sed
1132 3343 1232 3403 toturn
1255 3339 1372 3422 gratiae

244 3445 303 3524 dei,
319 3447 354 3508 ut
369 3445 527 3528 apostolus
543 3443 642 3508 dicet:
660 3462 737 3520 non
753 3443 916 3508 uolentis
932 3461 1049 3524 neque
1072 3443 1272 3522 currentis,
1296 3443 1375 3506 sicut

245 3549 305 3612 sibi
336 3552 460 3632 arroget
487 3548 620 3612 Iudaeus
651 3567 687 3611 eu
716 3549 785 3631 lege
816 3547 866 3611 uel
896 3545 1042 3630 Pelagius
1073 3565 1108 3610 ex
1138 3546 1229 3611 liberi
1257 3543 1376 3610 arbitrii

244 3652 506 3736 praesumptione,
537 3652 591 3716 sed
621 3652 693 3716 licet
720 3671 791 3716 cum
818 3650 951 3716 hominis
975 3650 1124 3714 seruitute
1148 3653 1248 3714 toturn
1271 3653 1376 3714 tamen

192 3791 218 3831 50
245 3757 459 3822 miserentis
483 3759 539 3820 est
561 3756 635 3836 dei,
670 3775 739 3821 non
769 3754 931 3820 uolentis
955 3773 1071 3835 neque
1094 3755 1289 3818 currentia.
1327 3753 1377 3818 hic

243 3861 331 3924 illurn
355 3861 512 3924 euidenter
535 3863 624 3924 notat
647 3863 677 3924 et
700 3862 812 3945 arguit,
835 3859 887 3942 qui
903 3858 1004 3922 solum
1020 3857 1129 3930 sesibi
1145 3857 1287 3923 sufficere
1310 3858 1376 3922 sine

349 4014 376 4083 a]
396 4013 494 4067 esaim.
514 4017 555 4078 ar,
569 4017 592 4068 ι.
647 4015 691 4083 aa]
710 4015 786 4068 uem.
806 4015 885 4076 9,16.

287 4153 453 4209 Suoluntati
466 4155 578 4222 correxi,
593 4152 738 4207 uoluntatis
752 4155 841 4208 Peto
887 4153 1111 4221 Sunnoquisquae
1124 4154 1152 4206 P
1196 4151 1379 4220 9disparetP

246 4242 277 4295 14
303 4240 457 4307 utriusquae
479 4241 506 4294 P
581 4242 612 4296 16
634 4242 692 4308 ptos
715 4240 743 4294 P
817 4241 847 4294 17
870 4239 1000 4292 luxurioso
1023 4241 1050 4293 P
1118 4241 1151 4293 20
1175 4253 1330 4306 coequemus
1352 4239 1380 4291 P

243 4329 277 4382 23
300 4327 419 4382 uolentes
441 4327 468 4381 P
519 4342 619 4395 nequae
637 4326 665 4380 P
724 4329 757 4382 25
780 4325 943 4394 paenitentia
960 4327 988 4379 P
1039 4327 1072 4380 27
1091 4339 1191 4392 nequae
1209 4325 1236 4378 P
1286 4325 1320 4380 28
1337 4323 1377 4376 in·

246 4413 324 4466 dacos
344 4415 383 4467 P¹
436 4416 470 4468 29
488 4416 572 4466 totam
592 4414 619 4468 P
