3244 5130
650 481 746 538 Liber
765 481 791 538 11
812 485 921 540 11-12.
1296 481 1355 547 157

218 659 314 724 deum
335 655 448 744 'portat
469 660 502 725 in
525 675 662 742 oorpore,
693 677 766 722 eum
789 678 916 724 neeesse
937 663 985 724 est
1003 658 1204 743 corporaliter
1223 663 1356 740 portare,

218 783 321 848 aquo
344 765 525 849 spiritaliter
547 764 753 849 possidemur.
800 769 989 849 quapropter
1019 784 1113 848 quem
1144 765 1261 847 templo
1287 784 1358 846 per-

218 870 313 952 spiois
336 871 477 954 dignum,
501 869 615 934 diuinis
638 868 807 934 honoribus
831 870 955 934 noueris
972 869 1175 948 adorandum,
1198 869 1358 933 celebran-

219 973 293 1038 dum
317 977 408 1054 uotis
431 973 590 1038 sacrifieiis
614 973 826 1039 excolendum.
867 974 907 1038 ad
929 974 1141 1039 uniuersalem
1165 990 1237 1057 ergo
1260 973 1358 1055 loqui-

218 1083 270 1142 tur
296 1079 447 1163 magister
474 1079 617 1162 gentium
644 1077 821 1143 eoolesiam:
851 1078 1025 1158 nescitis,
1058 1079 1144 1160 quia
1175 1078 1358 1160 templum
1397 1105 1410 1142 e

218 1181 277 1245 dei
300 1183 392 1246 estis
416 1187 450 1247 et
474 1183 630 1264 spiritus
654 1187 807 1247 sanetus
827 1181 1030 1246 habitatin
1051 1181 1166 1246 nobis.
1206 1182 1284 1246 nulli
1299 1181 1358 1246 hoo

218 1291 378 1352 creaturae
401 1285 548 1372 possibile
572 1291 629 1368 est,
660 1287 715 1351 sed
738 1287 862 1351 diuinae
885 1287 1058 1352 maiestatis
1085 1286 1206 1370 insigne
1235 1289 1292 1366 est,
1324 1289 1358 1349 ut

218 1391 403 1475 singillatim
433 1411 488 1474 per
518 1409 773 1473 unumquemque
804 1391 935 1474 populos
966 1391 1095 1473 impleat
1125 1395 1156 1455 et
1185 1395 1291 1454 tamen
1325 1390 1357 1452 in

218 1495 422 1578 plenitudinis
443 1513 518 1560 suae
533 1495 734 1560 inmensitate
756 1499 950 1577 permaneat.
975 1495 1107 1576 diuinae,
1130 1495 1270 1576 inquam,
1294 1493 1358 1558 sin-

218 1601 327 1684 gulare
350 1600 571 1684 propriumque
594 1603 723 1664 naturae
747 1603 795 1664 est
817 1599 892 1664 loois
915 1599 1060 1664 omnibus
1082 1603 1206 1683 praesto
1223 1617 1301 1678 esse,
1324 1598 1357 1661 in
1385 1625 1410 1662 ιο

219 1705 326 1768 omnia
354 1705 486 1785 intrare,
516 1704 621 1769 omnia
650 1699 817 1768 continere.
857 1704 921 1784 dei,
952 1705 1095 1790 inquam,
1126 1704 1280 1788 peculiare
1311 1707 1359 1766 est
1472 1782 1475 1790 Ι

219 1807 301 1873 filios
332 1809 515 1892 perditionis
545 1813 676 1872 natmee
703 1807 815 1872 debitis
839 1827 960 1889 exuere,
990 1807 1131 1892 purgatis
1161 1807 1357 1872 conscientiis

219 1913 380 1994 innodare,
403 1913 452 1977 dei
474 1911 554 1978 lilios
578 1913 680 1977 iecere
704 1916 736 1976 et
751 1912 784 1976 in
800 1913 943 1977 caelestis
960 1912 1047 1996 regni
1062 1913 1162 1996 glorio
1177 1911 1355 1976 sublimare.

265 2145 452 2200 3hominibus
471 2147 497 2200 P
566 2143 725 2215 'lporsibile
743 2149 912 2202 ereaturaev
980 2145 1136 2214 {linquite
1202 2148 1231 2201 ll
1252 2149 1279 2200 ot
1295 2152 1358 2200 aole

220 2258 542 2314 altemmomnioudd.o
595 2259 715 2327 inquito
769 2261 800 2314 13
818 2225 971 2313 caelestsP
1016 2257 1171 2328 sublimare]
1191 2257 1356 2313 EXPLICIT

224 2343 331 2398 LIBER
349 2345 533 2400 SECVNDVS
551 2345 614 2399 add.
634 2346 661 2400 R
