3320 5140
660 454 904 523 Prolegomena
1273 451 1353 506 XVII

213 629 287 693 dIcit
310 633 342 693 et
364 629 541 712 complures
564 630 647 693 locos
672 649 708 693 ex
728 629 814 694 libris
835 630 872 693 de
889 629 991 713 gratia
1013 629 1125 692 allatos
1149 646 1221 692 cnm
1245 647 1268 692 s.
1286 626 1354 691 Au-

211 735 329 818 gustIni
356 734 394 798 de
418 734 526 798 eadem
549 753 582 798 re
605 735 769 798 sententiis
797 735 955 818 componit
983 733 1036 816 (ci.
1059 733 1163 797 stndIa
1185 736 1292 797 nostra
1315 733 1352 796 de

211 837 321 901 Fausti
344 838 468 922 seriptis
490 857 520 922 p.
541 836 580 900 13
597 838 689 923 squ).

255 942 344 1006 Idem
371 942 561 1023 Merendae,
588 941 701 1006 Petrus
729 943 876 1007 diaconus
904 942 1019 1024 aliique
1048 941 1192 1006 monachi
1218 939 1354 1024 Scythici

212 1046 425 1129 Eutychianae
447 1047 570 1110 haeresi
592 1047 706 1111 addicti
730 1065 861 1129 eamque
881 1047 920 1112 ob
941 1066 1009 1112 rem
1024 1047 1158 1112 Romam
1178 1046 1275 1126 citati,
1299 1045 1353 1110 sed

212 1151 293 1214 male
316 1151 433 1234 recepti
458 1151 599 1216 libellum
629 1151 910 1216 deincarnatmne
934 1155 965 1216 et
986 1152 1088 1235 gratia
1115 1151 1232 1215 domini
1255 1149 1353 1214 nostri

212 1253 284 1318 lesu
308 1253 425 1319 Christi
453 1255 607 1319 miserunt
634 1255 673 1320 ad
702 1256 860 1340 episcopos
884 1255 1050 1320 Africanos
1078 1256 1110 1319 in
1134 1254 1276 1321 Sardinia
1303 1273 1354 1318 ex-

212 1359 352 1423 sulantes
369 1359 525 1443 inprimis
542 1359 743 1444 Fulgentinm
759 1361 852 1442 inque
874 1378 909 1424 eo
926 1359 1078 1425 Faustum
1101 1360 1240 1444 grauiter
1263 1376 1354 1424 accu-

212 1467 363 1528 sauemnt
377 1463 510 1548 (Migne,
526 1465 611 1528 Patr.
628 1465 682 1528 lat.
700 1464 788 1529 LXII
804 1462 870 1548 92),
889 1465 1002 1548 quibus
1019 1483 1210 1546 quamquam
1225 1481 1354 1546 respon-

212 1567 325 1632 derunt
347 1567 532 1655 Fulgentius
555 1569 712 1650 ceterique
736 1569 883 1652 episcopi,
907 1572 1014 1633 tamen
1031 1568 1140 1633 Fausti
1163 1568 1353 1632 mentionem

212 1690 274 1736 non
294 1673 422 1737 faciunt.
462 1673 517 1738 sed
537 1673 723 1758 Fulgentius
743 1676 852 1756 postea
872 1673 1022 1738 aduersus
1043 1674 1120 1738 duos
1135 1671 1231 1737 libros
1247 1671 1354 1736 Fausti

212 1782 335 1860 septem
357 1775 453 1842 libros
474 1777 572 1842 edidit
588 1776 640 1860 (ei.
657 1778 723 1842 uita
746 1797 771 1842 s.
786 1777 945 1862 Fulgentii
962 1777 1045 1842 edita
1061 1795 1079 1842 a
1093 1776 1305 1842 BollandIanis
1321 1777 1353 1840 in

212 1881 290 1945 actis
313 1885 493 1946 sanctorum
515 1882 614 1946 Ianl
637 1879 679 1944 43
703 1885 735 1946 et
757 1881 839 1964 apud
863 1881 980 1966 Migne,
1004 1883 1088 1946 Patr.
1106 1882 1160 1946 lat.
1177 1881 1261 1945 LXV
1281 1878 1353 1960 145,

212 1985 356 2068 epistula,
385 2004 480 2068 quam
503 1985 638 2069 episcopi
660 1984 801 2050 Africani
825 1987 857 2050 in
880 1985 1020 2051 Sardinia
1041 1987 1161 2051 exsules
1184 1985 1298 2050 Ioanni
1322 1989 1354 2049 et

213 2089 346 2154 Uenerio
367 2091 497 2172 aliisque
516 2091 743 2174 inscripserunt
764 2091 897 2174 [Migne
913 2090 998 2156 Patr.
1015 2090 1069 2155 lat.
1087 2091 1171 2154 LXV
1186 2087 1277 2172 442],
1294 2089 1353 2153 Fa-

212 2195 332 2259 candus
354 2195 591 2260 HermIanensis
615 2195 780 2279 episcopus
805 2195 939 2279 [Migna
955 2196 1039 2259 Patr.
1057 2195 1111 2259 lat.
1128 2195 1247 2260 LXVII
1263 2191 1353 2276 855],

213 2297 320 2364 Isidor.
338 2299 376 2363 de
399 2299 457 2363 uir.
474 2300 518 2364 ill.
536 2319 561 2364 o.
579 2297 645 2382 27),
669 2300 721 2381 qui
745 2318 828 2364 nunc
851 2299 1004 2382 deperdIti
1027 2303 1111 2364 sunt.

255 2402 324 2468 Ado
341 2403 528 2469 Uiennensis
544 2406 576 2468 in
592 2403 736 2469 chronIco
758 2404 797 2468 ad
820 2423 939 2469 annum
961 2402 1027 2466 492
1049 2403 1182 2488 (MIgne,
1197 2403 1281 2468 Patr.
1297 2403 1352 2468 lat.

214 2506 347 2572 CXXIII
366 2505 441 2591 107)
464 2508 542 2573 haee
561 2507 670 2573 habet:
694 2516 808 2570 coretra
825 2506 986 2571 Faustum
1008 2505 1125 2570 scribit
1148 2504 1353 2570 lucidissima

203 2609 274 2694 fida
298 2609 499 2675 beatissimas
515 2610 638 2676 Auitus
658 2611 845 2676 Viennensis
869 2611 1039 2697 epiecopus
1062 2610 1132 2674 aine
1154 2608 1352 2696 redarpuana

212 2737 363 2795 errorem,
387 2716 541 2780 similiter
564 2726 593 2781 at
615 2716 752 2781 Ioannes
775 2717 834 2780 uir
857 2715 1008 2780 eruditus
1025 2713 1243 2779 Antiochenuo
1262 2736 1353 2800 pree·

213 2819 312 2906 tytar.
350 2822 483 2887 Ioannes
503 2822 720 2888 antiochenus
743 2822 906 2905 presbyter
922 2822 1099 2886 Maxentius
1123 2825 1181 2902 est,
1205 2821 1293 2886 cuius
1316 2821 1353 2884 li·

212 2927 332 2991 bellum
354 2926 423 2992 Ado
447 2928 513 3010 ipse
541 2928 685 3012 inspexit,
713 2947 785 2993 oum
814 2928 910 2992 uerba
938 2927 1020 3009 apud
1043 2926 1188 2991 Adonem
1214 2925 1354 3009 proxime

212 3032 444 3097 antecedentia:
476 3031 525 3094 ita
556 3031 639 3095 enim
670 3029 809 3096 liberam
839 3030 1021 3094 arbitrium
1052 3040 1117 3094 Iam
1146 3028 1353 3116 Augustinus

211 3157 310 3220 qaam
337 3135 435 3200 ceteri
460 3134 613 3200 catholici
636 3137 672 3199 in
695 3135 829 3200 corbeia
853 3135 906 3200 dai
929 3135 1050 3217 docent,
1079 3145 1117 3198 ut
1139 3133 1353 3212 illuminatio,

212 3239 325 3303 uirtus
345 3249 374 3304 ct
393 3239 486 3304 salua
506 3239 562 3304 iiii
586 3264 607 3304 a
627 3239 756 3306 Christo
776 3251 884 3326 etper
903 3237 1069 3305 Christum
1088 3249 1204 3304 etcum
1224 3237 1354 3305 Christo

212 3345 264 3408 ea.
284 3343 427 3408 Faustae
439 3367 519 3408 acra
531 3345 590 3408 iate
604 3345 652 3408 itu
665 3345 804 3409 liberam
813 3343 1038 3410 Christianam
1051 3343 1231 3411 arbitrium
1243 3343 1354 3408 dooere

212 3459 361 3526 conatur,
376 3460 414 3512 nt
429 3447 632 3513 illuminatio
648 3449 729 3527 ciue,
745 3450 858 3512 uirtus
875 3459 904 3513 ct
918 3447 1011 3512 salua
1026 3469 1091 3512 non
1106 3471 1128 3511 a
1144 3446 1283 3526 Cbriato,
1298 3447 1355 3512 aad

211 3564 338 3618 natura
357 3554 401 3618 en
422 3575 458 3620 ex
473 3555 626 3620 Maxentii
646 3555 751 3620 libello
772 3555 955 3638 deprompta
975 3555 1040 3620 sint
1060 3554 1112 3638 (ol.
1129 3553 1247 3638 Migne,
1267 3554 1353 3618 Patr.

212 3679 326 3746 graeca
341 3659 502 3725 LXXXVI
527 3659 556 3741 1,
579 3679 608 3744 p.
629 3658 714 3744 107).
754 3660 821 3724 eme
845 3659 937 3724 dubio
960 3679 1016 3744 per
1039 3659 1181 3724 fraudem
1203 3659 1353 3726 Ioannem

212 3766 410 3832 Maxentium
433 3769 595 3850 suspectae
619 3765 811 3830 auctoritatis
836 3765 1025 3830 monachum
1048 3765 1122 3830 feeit
1136 3764 1205 3830 Ado
1225 3763 1355 3849 presby-

213 3877 316 3936 terum
328 3871 570 3936 Antiochenam.
587 3889 644 3934 nec
656 3887 729 3934 uero
738 3869 853 3934 Auitus
862 3869 1050 3934 Uiennensis
1063 3870 1226 3954 episcopus
1239 3869 1354 3934 Fausto

213 3977 278 4040 fere
301 3980 581 4059 contemporaneus
605 3979 713 4040 contra
737 3974 847 4039 Fausti
869 3973 964 4038 libros
988 3975 1025 4038 de
1047 3977 1149 4058 gratia
1171 3974 1355 4058 disputauit,

213 4079 275 4144 nisi
291 4081 372 4162 quod
388 4080 419 4144 in
435 4081 570 4164 epistula
582 4079 621 4144 ad
633 4077 865 4145 Gundebadum
878 4097 984 4163 regem
998 4077 1040 4163 (p.
1055 4077 1097 4141 29
1109 4079 1234 4163 Peiper)
1246 4079 1355 4143 Fausti

213 4185 379 4268 epistulam
404 4185 442 4248 ad
465 4184 633 4249 Paulinum
656 4185 781 4265 refutat,
804 4202 866 4266 qua
889 4183 926 4248 de
949 4203 982 4247 ro
1005 4201 1076 4248 mox
1099 4183 1244 4248 dicemus.

258 4288 437 4354 Caesarium
460 4289 679 4354 Arelatensem
703 4287 881 4372 (episcopus
904 4287 1093 4372 eoa-542)
1117 4293 1223 4352 autem
1246 4293 1355 4354 contra

212 4395 365 4460 Faustum
395 4412 495 4476 neque
522 4393 683 4477 scripsisse
711 4413 810 4476 neque
839 4394 1015 4476 disputasse
1038 4393 1099 4458 nisi
1122 4393 1203 4475 qood
1225 4393 1257 4457 in
1281 4411 1354 4458 con-

266 4505 320 4548 xxi,
334 4505 407 4548 Faust.
1181 4496 1197 4546 b
