<?xml version="1.0" encoding="UTF-8"?>
<!DOCTYPE html PUBLIC "-//W3C//DTD XHTML 1.0 Transitional//EN"
    "http://www.w3.org/TR/xhtml1/DTD/xhtml1-transitional.dtd">
<html xmlns="http://www.w3.org/1999/xhtml" xml:lang="en" lang="en">
 <head>
  <title>
</title>
<meta http-equiv="Content-Type" content="text/html;charset=utf-8" />
  <meta name='ocr-system' content='tesseract 3.04.00' />
  <meta name='ocr-capabilities' content='ocr_page ocr_carea ocr_par ocr_line ocrx_word'/>
</head>
<body>
  <div class='ocr_page' id='page_1' title='image "./praetersermones01fausgoog/praetersermones01fausgoog_0311.png"; bbox 0 0 3222 5144; ppageno 0'>
   <div class='ocr_carea' id='block_1_1' title="bbox 292 479 977 557">
    <p class='ocr_par' dir='ltr' id='par_1_1' title="bbox 292 479 977 557">
     <span class='ocr_line' id='line_1_1' title="bbox 292 479 977 557; baseline -0.013 -12"><span class='ocrx_word' id='word_1_1' title='bbox 292 479 358 557; x_wconf 78' lang='grc'>224</span> <span class='ocrx_word' id='word_1_2' title='bbox 741 483 807 538; x_wconf 82' lang='lat' dir='ltr'>IIIL</span> <span class='ocrx_word' id='word_1_3' title='bbox 826 481 935 538; x_wconf 87' lang='lat' dir='ltr'>Sermo</span> <span class='ocrx_word' id='word_1_4' title='bbox 955 485 977 538; x_wconf 96' lang='grc'>1.</span> 
     </span>
    </p>
   </div>
   <div class='ocr_carea' id='block_1_2' title="bbox 241 656 1429 3453">
    <p class='ocr_par' dir='ltr' id='par_1_2' title="bbox 293 656 1429 1054">
     <span class='ocr_line' id='line_1_2' title="bbox 294 656 1429 743; baseline 0.004 -24"><span class='ocrx_word' id='word_1_5' title='bbox 294 656 339 720; x_wconf 89' lang='lat' dir='ltr'>sic</span> <span class='ocrx_word' id='word_1_6' title='bbox 362 657 446 720; x_wconf 90' lang='lat' dir='ltr'>enim</span> <span class='ocrx_word' id='word_1_7' title='bbox 469 657 544 722; x_wconf 82' lang='lat' dir='ltr'>dixit</span> <span class='ocrx_word' id='word_1_8' title='bbox 567 659 738 740; x_wconf 90' lang='lat' dir='ltr'>apostolus:</span> <span class='ocrx_word' id='word_1_9' title='bbox 767 659 829 740; x_wconf 92' lang='lat' dir='ltr'>qui</span> <span class='ocrx_word' id='word_1_10' title='bbox 851 658 1051 723; x_wconf 87' lang='lat' dir='ltr'>manducat</span> <span class='ocrx_word' id='word_1_11' title='bbox 1073 676 1206 743; x_wconf 88' lang='lat' dir='ltr'>eorpus</span> <span class='ocrx_word' id='word_1_12' title='bbox 1229 659 1369 724; x_wconf 89' lang='lat' dir='ltr'>domini</span> <span class='ocrx_word' id='word_1_13' title='bbox 1391 663 1429 724; x_wconf 87' lang='lat' dir='ltr'>et</span> 
     </span>
     <span class='ocr_line' id='line_1_3' title="bbox 293 758 1429 847; baseline 0.003 -24"><span class='ocrx_word' id='word_1_14' title='bbox 293 758 392 824; x_wconf 84' lang='lat' dir='ltr'><strong>bibit</strong></span> <span class='ocrx_word' id='word_1_15' title='bbox 419 761 640 845; x_wconf 88' lang='lat' dir='ltr'>sanguinem</span> <span class='ocrx_word' id='word_1_16' title='bbox 668 763 747 826; x_wconf 89' lang='lat' dir='ltr'>eius</span> <span class='ocrx_word' id='word_1_17' title='bbox 773 763 940 847; x_wconf 88' lang='lat' dir='ltr'>indigne,</span> <span class='ocrx_word' id='word_1_18' title='bbox 970 763 1149 827; x_wconf 90' lang='lat' dir='ltr'>iudicium</span> <span class='ocrx_word' id='word_1_19' title='bbox 1177 762 1252 828; x_wconf 90' lang='lat' dir='ltr'>sibi</span> <span class='ocrx_word' id='word_1_20' title='bbox 1278 764 1429 828; x_wconf 89' lang='lat' dir='ltr'>mandu-</span> 
     </span>
     <span class='ocr_line' id='line_1_4' title="bbox 294 864 1425 951; baseline 0.004 -25"><span class='ocrx_word' id='word_1_21' title='bbox 294 868 354 929; x_wconf 85' lang='lat' dir='ltr'>cat</span> <span class='ocrx_word' id='word_1_22' title='bbox 380 867 416 928; x_wconf 91' lang='lat' dir='ltr'>et</span> <span class='ocrx_word' id='word_1_23' title='bbox 442 864 549 930; x_wconf 83' lang='lat' dir='ltr'><strong>bibit.</strong></span> <span class='ocrx_word' id='word_1_24' title='bbox 597 869 629 930; x_wconf 91' lang='lat' dir='ltr'>et</span> <span class='ocrx_word' id='word_1_25' title='bbox 655 867 728 931; x_wconf 91' lang='lat' dir='ltr'>licet</span> <span class='ocrx_word' id='word_1_26' title='bbox 755 885 810 933; x_wconf 89' lang='lat' dir='ltr'>nos</span> <span class='ocrx_word' id='word_1_27' title='bbox 838 867 977 931; x_wconf 92' lang='lat' dir='ltr'>inomni</span> <span class='ocrx_word' id='word_1_28' title='bbox 1001 871 1140 950; x_wconf 91' lang='lat' dir='ltr'>tempore</span> <span class='ocrx_word' id='word_1_29' title='bbox 1168 865 1257 932; x_wconf 88' lang='lat' dir='ltr'>bonis</span> <span class='ocrx_word' id='word_1_30' title='bbox 1281 866 1425 951; x_wconf 89' lang='lat' dir='ltr'>operibus</span> 
     </span>
     <span class='ocr_line' id='line_1_5' title="bbox 293 971 1427 1054; baseline 0.003 -23"><span class='ocrx_word' id='word_1_31' title='bbox 293 971 417 1033; x_wconf 86' lang='lat' dir='ltr'>ornatos</span> <span class='ocrx_word' id='word_1_32' title='bbox 441 987 477 1034; x_wconf 89' lang='lat' dir='ltr'>ac</span> <span class='ocrx_word' id='word_1_33' title='bbox 505 971 681 1052; x_wconf 91' lang='lat' dir='ltr'>splendidos</span> <span class='ocrx_word' id='word_1_34' title='bbox 709 991 777 1036; x_wconf 89' lang='lat' dir='ltr'>esse</span> <span class='ocrx_word' id='word_1_35' title='bbox 800 971 975 1052; x_wconf 85' lang='lat' dir='ltr'>conueniat,</span> <span class='ocrx_word' id='word_1_36' title='bbox 1002 972 1167 1054; x_wconf 80' lang='lat' dir='ltr'>praecipue</span> <span class='ocrx_word' id='word_1_37' title='bbox 1195 975 1301 1036; x_wconf 88' lang='lat' dir='ltr'>tamen</span> <span class='ocrx_word' id='word_1_38' title='bbox 1324 971 1356 1036; x_wconf 92' lang='lat' dir='ltr'>in</span> <span class='ocrx_word' id='word_1_39' title='bbox 1378 971 1427 1034; x_wconf 89' lang='lat' dir='ltr'>die</span> 
     </span>
    </p>

    <p class='ocr_par' dir='ltr' id='par_1_3' title="bbox 255 1073 1427 1264">
     <span class='ocr_line' id='line_1_6' title="bbox 255 1073 1427 1160; baseline 0.002 -24"><span class='ocrx_word' id='word_1_40' title='bbox 255 1098 268 1137; x_wconf 78' lang='lat' dir='ltr'>u</span> <span class='ocrx_word' id='word_1_41' title='bbox 294 1073 406 1136; x_wconf 88' lang='lat' dir='ltr'>natalis</span> <span class='ocrx_word' id='word_1_42' title='bbox 423 1073 550 1155; x_wconf 92' lang='lat' dir='ltr'>domini,</span> <span class='ocrx_word' id='word_1_43' title='bbox 575 1075 655 1140; x_wconf 86' lang='lat' dir='ltr'>sicut</span> <span class='ocrx_word' id='word_1_44' title='bbox 670 1078 702 1138; x_wconf 92' lang='lat' dir='ltr'>et</span> <span class='ocrx_word' id='word_1_45' title='bbox 716 1075 749 1139; x_wconf 94' lang='lat' dir='ltr'>in</span> <span class='ocrx_word' id='word_1_46' title='bbox 766 1075 927 1160; x_wconf 82' lang='lat' dir='ltr'>euangelio</span> <span class='ocrx_word' id='word_1_47' title='bbox 947 1075 1014 1157; x_wconf 92' lang='lat' dir='ltr'>ipse</span> <span class='ocrx_word' id='word_1_48' title='bbox 1031 1075 1175 1139; x_wconf 93' lang='lat' dir='ltr'>dominus</span> <span class='ocrx_word' id='word_1_49' title='bbox 1191 1075 1279 1140; x_wconf 82' lang='lat' dir='ltr'>dixit:</span> <span class='ocrx_word' id='word_1_50' title='bbox 1302 1077 1427 1140; x_wconf 89' lang='lat' dir='ltr'>lucere</span> 
     </span>
     <span class='ocr_line' id='line_1_7' title="bbox 294 1176 1157 1264; baseline 0.003 -23"><span class='ocrx_word' id='word_1_51' title='bbox 294 1176 431 1242; x_wconf 92' lang='lat' dir='ltr'>debent</span> <span class='ocrx_word' id='word_1_52' title='bbox 453 1179 627 1243; x_wconf 87' lang='lat' dir='ltr'>omnibus</span> <span class='ocrx_word' id='word_1_53' title='bbox 650 1179 863 1244; x_wconf 89' lang='lat' dir='ltr'>hominibus</span> <span class='ocrx_word' id='word_1_54' title='bbox 888 1198 998 1264; x_wconf 90' lang='lat' dir='ltr'>opera</span> <span class='ocrx_word' id='word_1_55' title='bbox 1020 1183 1157 1244; x_wconf 88' lang='lat' dir='ltr'>uestra.</span> 
     </span>
    </p>

    <p class='ocr_par' dir='ltr' id='par_1_4' title="bbox 293 1281 1427 1575">
     <span class='ocr_line' id='line_1_8' title="bbox 337 1281 1426 1367; baseline 0.003 -22"><span class='ocrx_word' id='word_1_56' title='bbox 337 1281 546 1363; x_wconf 75' lang='lat' dir='ltr'>Considerate,</span> <span class='ocrx_word' id='word_1_57' title='bbox 570 1301 770 1365; x_wconf 69' lang='lat' dir='ltr'>quaesumus</span> <span class='ocrx_word' id='word_1_58' title='bbox 793 1284 915 1364; x_wconf 84' lang='lat' dir='ltr'>fratres,</span> <span class='ocrx_word' id='word_1_59' title='bbox 940 1285 1063 1366; x_wconf 90' lang='lat' dir='ltr'>quando</span> <span class='ocrx_word' id='word_1_60' title='bbox 1080 1283 1192 1366; x_wconf 90' lang='lat' dir='ltr'>aliquis</span> <span class='ocrx_word' id='word_1_61' title='bbox 1208 1283 1301 1348; x_wconf 90' lang='lat' dir='ltr'>homo</span> <span class='ocrx_word' id='word_1_62' title='bbox 1316 1287 1426 1367; x_wconf 88' lang='lat' dir='ltr'>potens</span> 
     </span>
     <span class='ocr_line' id='line_1_9' title="bbox 294 1385 1427 1468; baseline 0.004 -20"><span class='ocrx_word' id='word_1_63' title='bbox 294 1387 344 1450; x_wconf 91' lang='lat' dir='ltr'>uel</span> <span class='ocrx_word' id='word_1_64' title='bbox 367 1385 480 1451; x_wconf 90' lang='lat' dir='ltr'>nobilis</span> <span class='ocrx_word' id='word_1_65' title='bbox 504 1391 558 1452; x_wconf 89' lang='lat' dir='ltr'>aut</span> <span class='ocrx_word' id='word_1_66' title='bbox 580 1388 717 1452; x_wconf 90' lang='lat' dir='ltr'>natalem</span> <span class='ocrx_word' id='word_1_67' title='bbox 741 1407 832 1452; x_wconf 92' lang='lat' dir='ltr'>suum</span> <span class='ocrx_word' id='word_1_68' title='bbox 856 1392 912 1452; x_wconf 90' lang='lat' dir='ltr'>aut</span> <span class='ocrx_word' id='word_1_69' title='bbox 933 1387 988 1451; x_wconf 89' lang='lat' dir='ltr'>filii</span> <span class='ocrx_word' id='word_1_70' title='bbox 1012 1389 1060 1452; x_wconf 92' lang='lat' dir='ltr'>sui</span> <span class='ocrx_word' id='word_1_71' title='bbox 1083 1387 1240 1452; x_wconf 90' lang='lat' dir='ltr'>celebrare</span> <span class='ocrx_word' id='word_1_72' title='bbox 1263 1388 1427 1468; x_wconf 84' lang='lat' dir='ltr'>desiderat,</span> 
     </span>
     <span class='ocr_line' id='line_1_10' title="bbox 293 1491 1426 1575; baseline 0.001 -21"><span class='ocrx_word' id='word_1_73' title='bbox 293 1493 409 1572; x_wconf 88' lang='lat' dir='ltr'>quanto</span> <span class='ocrx_word' id='word_1_74' title='bbox 426 1491 529 1556; x_wconf 89' lang='lat' dir='ltr'>studio</span> <span class='ocrx_word' id='word_1_75' title='bbox 546 1495 618 1556; x_wconf 87' lang='lat' dir='ltr'>ante</span> <span class='ocrx_word' id='word_1_76' title='bbox 641 1493 746 1575; x_wconf 92' lang='lat' dir='ltr'>plnres</span> <span class='ocrx_word' id='word_1_77' title='bbox 762 1493 838 1572; x_wconf 73' lang='lat' dir='ltr'>diesi,</span> <span class='ocrx_word' id='word_1_78' title='bbox 862 1492 1007 1574; x_wconf 90' lang='lat' dir='ltr'>quicquid</span> <span class='ocrx_word' id='word_1_79' title='bbox 1030 1492 1062 1556; x_wconf 93' lang='lat' dir='ltr'>in</span> <span class='ocrx_word' id='word_1_80' title='bbox 1078 1492 1172 1556; x_wconf 91' lang='lat' dir='ltr'>domn</span> <span class='ocrx_word' id='word_1_81' title='bbox 1195 1511 1253 1557; x_wconf 89' lang='lat' dir='ltr'>sua</span> <span class='ocrx_word' id='word_1_82' title='bbox 1268 1491 1426 1558; x_wconf 87' lang='lat' dir='ltr'>sordidum</span> 
     </span>
    </p>

    <p class='ocr_par' dir='ltr' id='par_1_5' title="bbox 241 1595 1427 3244">
     <span class='ocr_line' id='line_1_11' title="bbox 243 1595 1426 1680; baseline 0.001 -21"><span class='ocrx_word' id='word_1_83' title='bbox 243 1621 267 1659; x_wconf 81' lang='lat' dir='ltr'>rc</span> <span class='ocrx_word' id='word_1_84' title='bbox 293 1595 418 1676; x_wconf 88' lang='lat' dir='ltr'>uiderit,</span> <span class='ocrx_word' id='word_1_85' title='bbox 457 1600 565 1660; x_wconf 93' lang='lat' dir='ltr'>ornate</span> <span class='ocrx_word' id='word_1_86' title='bbox 599 1597 756 1677; x_wconf 92' lang='lat' dir='ltr'>mundari,</span> <span class='ocrx_word' id='word_1_87' title='bbox 789 1597 934 1679; x_wconf 91' lang='lat' dir='ltr'>quicquid</span> <span class='ocrx_word' id='word_1_88' title='bbox 971 1597 1113 1679; x_wconf 90' lang='lat' dir='ltr'>ineptum</span> <span class='ocrx_word' id='word_1_89' title='bbox 1148 1601 1179 1661; x_wconf 94' lang='lat' dir='ltr'>et</span> <span class='ocrx_word' id='word_1_90' title='bbox 1212 1597 1426 1680; x_wconf 87' lang='lat' dir='ltr'>incongruum,</span> 
     </span>
     <span class='ocr_line' id='line_1_12' title="bbox 292 1699 1426 1785; baseline 0.002 -23"><span class='ocrx_word' id='word_1_91' title='bbox 292 1699 399 1783; x_wconf 89' lang='lat' dir='ltr'>proici,</span> <span class='ocrx_word' id='word_1_92' title='bbox 423 1701 570 1782; x_wconf 90' lang='lat' dir='ltr'>quicquid</span> <span class='ocrx_word' id='word_1_93' title='bbox 593 1701 668 1765; x_wconf 86' lang='lat' dir='ltr'>utile</span> <span class='ocrx_word' id='word_1_94' title='bbox 685 1704 716 1764; x_wconf 93' lang='lat' dir='ltr'>et</span> <span class='ocrx_word' id='word_1_95' title='bbox 738 1701 959 1781; x_wconf 87' lang='lat' dir='ltr'>necessarium,</span> <span class='ocrx_word' id='word_1_96' title='bbox 982 1701 1133 1785; x_wconf 74' lang='lat' dir='ltr'>praecipit</span> <span class='ocrx_word' id='word_1_97' title='bbox 1148 1701 1291 1766; x_wconf 81' lang='lat' dir='ltr'>exhiberi.</span> <span class='ocrx_word' id='word_1_98' title='bbox 1317 1701 1426 1764; x_wconf 92' lang='lat' dir='ltr'>domus</span> 
     </span>
     <span class='ocr_line' id='line_1_13' title="bbox 294 1803 1427 1889; baseline 0.002 -22"><span class='ocrx_word' id='word_1_99' title='bbox 294 1804 400 1884; x_wconf 88' lang='lat' dir='ltr'>etiam,</span> <span class='ocrx_word' id='word_1_100' title='bbox 417 1805 444 1868; x_wconf 90' lang='lat' dir='ltr'>si</span> <span class='ocrx_word' id='word_1_101' title='bbox 459 1803 591 1869; x_wconf 89' lang='lat' dir='ltr'>obscura</span> <span class='ocrx_word' id='word_1_102' title='bbox 605 1805 709 1885; x_wconf 87' lang='lat' dir='ltr'>fuerit,</span> <span class='ocrx_word' id='word_1_103' title='bbox 731 1805 902 1885; x_wconf 89' lang='lat' dir='ltr'>dealbatur,</span> <span class='ocrx_word' id='word_1_104' title='bbox 925 1807 1107 1888; x_wconf 86' lang='lat' dir='ltr'>pauimenta</span> <span class='ocrx_word' id='word_1_105' title='bbox 1122 1806 1222 1889; x_wconf 86' lang='lat' dir='ltr'>scopis</span> <span class='ocrx_word' id='word_1_106' title='bbox 1239 1805 1427 1870; x_wconf 90' lang='lat' dir='ltr'>mundantur</span> 
     </span>
     <span class='ocr_line' id='line_1_14' title="bbox 294 1908 1427 1994; baseline 0.001 -22"><span class='ocrx_word' id='word_1_107' title='bbox 294 1912 325 1973; x_wconf 90' lang='lat' dir='ltr'>et</span> <span class='ocrx_word' id='word_1_108' title='bbox 341 1908 471 1973; x_wconf 87' lang='lat' dir='ltr'>diuersis</span> <span class='ocrx_word' id='word_1_109' title='bbox 495 1929 637 1994; x_wconf 87' lang='lat' dir='ltr'>respersa</span> <span class='ocrx_word' id='word_1_110' title='bbox 659 1909 786 1974; x_wconf 89' lang='lat' dir='ltr'>floribus</span> <span class='ocrx_word' id='word_1_111' title='bbox 803 1909 1001 1990; x_wconf 87' lang='lat' dir='ltr'>adornantur,</span> <span class='ocrx_word' id='word_1_112' title='bbox 1024 1909 1170 1992; x_wconf 89' lang='lat' dir='ltr'>quicquid</span> <span class='ocrx_word' id='word_1_113' title='bbox 1193 1910 1287 1974; x_wconf 85' lang='lat' dir='ltr'>etiam</span> <span class='ocrx_word' id='word_1_114' title='bbox 1302 1910 1341 1973; x_wconf 88' lang='lat' dir='ltr'>ad</span> <span class='ocrx_word' id='word_1_115' title='bbox 1363 1909 1427 1973; x_wconf 83' lang='lat' dir='ltr'>lae-</span> 
     </span>
     <span class='ocr_line' id='line_1_15' title="bbox 294 2013 1426 2098; baseline 0 -22"><span class='ocrx_word' id='word_1_116' title='bbox 294 2013 397 2077; x_wconf 90' lang='lat' dir='ltr'>titiam</span> <span class='ocrx_word' id='word_1_117' title='bbox 420 2014 543 2078; x_wconf 87' lang='lat' dir='ltr'>animae</span> <span class='ocrx_word' id='word_1_118' title='bbox 571 2018 603 2077; x_wconf 90' lang='lat' dir='ltr'>et</span> <span class='ocrx_word' id='word_1_119' title='bbox 629 2015 764 2098; x_wconf 85' lang='lat' dir='ltr'>corporis</span> <span class='ocrx_word' id='word_1_120' title='bbox 788 2014 966 2079; x_wconf 90' lang='lat' dir='ltr'>deliciarum</span> <span class='ocrx_word' id='word_1_121' title='bbox 993 2014 1139 2097; x_wconf 81' lang='lat' dir='ltr'>pertinet,</span> <span class='ocrx_word' id='word_1_122' title='bbox 1166 2013 1251 2078; x_wconf 90' lang='lat' dir='ltr'>omni</span> <span class='ocrx_word' id='word_1_123' title='bbox 1278 2013 1426 2078; x_wconf 87' lang='lat' dir='ltr'>sollicitu-</span> 
     </span>
     <span class='ocr_line' id='line_1_16' title="bbox 242 2117 1425 2201; baseline -0.001 -20"><span class='ocrx_word' id='word_1_124' title='bbox 242 2143 267 2182; x_wconf 77' lang='lat' dir='ltr'>m</span> <span class='ocrx_word' id='word_1_125' title='bbox 294 2117 366 2181; x_wconf 91' lang='lat' dir='ltr'>dine</span> <span class='ocrx_word' id='word_1_126' title='bbox 392 2118 580 2201; x_wconf 87' lang='lat' dir='ltr'>prouidetur.</span> <span class='ocrx_word' id='word_1_127' title='bbox 631 2118 768 2200; x_wconf 88' lang='lat' dir='ltr'>utquid</span> <span class='ocrx_word' id='word_1_128' title='bbox 795 2119 901 2182; x_wconf 91' lang='lat' dir='ltr'>omnia</span> <span class='ocrx_word' id='word_1_129' title='bbox 927 2118 988 2182; x_wconf 88' lang='lat' dir='ltr'>ista</span> <span class='ocrx_word' id='word_1_130' title='bbox 1014 2118 1099 2199; x_wconf 88' lang='lat' dir='ltr'>facit,</span> <span class='ocrx_word' id='word_1_131' title='bbox 1127 2118 1237 2182; x_wconf 79' lang='lat' dir='ltr'>fraires</span> <span class='ocrx_word' id='word_1_132' title='bbox 1264 2117 1425 2198; x_wconf 90' lang='lat' dir='ltr'>carissimi,</span> 
     </span>
     <span class='ocr_line' id='line_1_17' title="bbox 294 2222 1427 2306; baseline -0.002 -20"><span class='ocrx_word' id='word_1_133' title='bbox 294 2222 354 2286; x_wconf 88' lang='lat' dir='ltr'>nisi</span> <span class='ocrx_word' id='word_1_134' title='bbox 374 2225 411 2286; x_wconf 91' lang='lat' dir='ltr'>ut</span> <span class='ocrx_word' id='word_1_135' title='bbox 433 2223 497 2286; x_wconf 89' lang='lat' dir='ltr'>dies</span> <span class='ocrx_word' id='word_1_136' title='bbox 521 2223 659 2287; x_wconf 79' lang='lat' dir='ltr'>natalicii</span> <span class='ocrx_word' id='word_1_137' title='bbox 682 2224 729 2287; x_wconf 88' lang='lat' dir='ltr'>sui</span> <span class='ocrx_word' id='word_1_138' title='bbox 752 2241 823 2287; x_wconf 89' lang='lat' dir='ltr'>oum</span> <span class='ocrx_word' id='word_1_139' title='bbox 845 2223 959 2306; x_wconf 82' lang='lat' dir='ltr'>gaudio</span> <span class='ocrx_word' id='word_1_140' title='bbox 982 2222 1176 2287; x_wconf 78' lang='lat' dir='ltr'>celebretur?</span> <span class='ocrx_word' id='word_1_141' title='bbox 1218 2222 1311 2286; x_wconf 91' lang='lat' dir='ltr'>homo</span> <span class='ocrx_word' id='word_1_142' title='bbox 1333 2222 1427 2285; x_wconf 92' lang='lat' dir='ltr'>mori-</span> 
     </span>
     <span class='ocr_line' id='line_1_18' title="bbox 293 2326 1425 2411; baseline -0.001 -21"><span class='ocrx_word' id='word_1_143' title='bbox 293 2331 397 2406; x_wconf 83' lang='lat' dir='ltr'>tunna,</span> <span class='ocrx_word' id='word_1_144' title='bbox 429 2327 454 2390; x_wconf 87' lang='lat' dir='ltr'>si</span> <span class='ocrx_word' id='word_1_145' title='bbox 482 2346 556 2411; x_wconf 84' lang='lat' dir='ltr'>ergo</span> <span class='ocrx_word' id='word_1_146' title='bbox 583 2330 671 2391; x_wconf 90' lang='lat' dir='ltr'>tanta</span> <span class='ocrx_word' id='word_1_147' title='bbox 697 2345 864 2411; x_wconf 85' lang='lat' dir='ltr'>praeparas</span> <span class='ocrx_word' id='word_1_148' title='bbox 892 2327 924 2390; x_wconf 93' lang='lat' dir='ltr'>in</span> <span class='ocrx_word' id='word_1_149' title='bbox 952 2327 1096 2391; x_wconf 89' lang='lat' dir='ltr'>natalicio</span> <span class='ocrx_word' id='word_1_150' title='bbox 1124 2331 1177 2390; x_wconf 89' lang='lat' dir='ltr'>tuo</span> <span class='ocrx_word' id='word_1_151' title='bbox 1205 2327 1255 2390; x_wconf 91' lang='lat' dir='ltr'>uel</span> <span class='ocrx_word' id='word_1_152' title='bbox 1285 2326 1341 2390; x_wconf 87' lang='lat' dir='ltr'>filii</span> <span class='ocrx_word' id='word_1_153' title='bbox 1369 2326 1425 2406; x_wconf 87' lang='lat' dir='ltr'>tui,</span> 
     </span>
     <span class='ocr_line' id='line_1_19' title="bbox 293 2429 1425 2514; baseline -0.002 -18"><span class='ocrx_word' id='word_1_154' title='bbox 293 2435 410 2514; x_wconf 89' lang='lat' dir='ltr'>quanta</span> <span class='ocrx_word' id='word_1_155' title='bbox 433 2436 464 2496; x_wconf 91' lang='lat' dir='ltr'>et</span> <span class='ocrx_word' id='word_1_156' title='bbox 484 2431 588 2514; x_wconf 91' lang='lat' dir='ltr'>qualia</span> <span class='ocrx_word' id='word_1_157' title='bbox 610 2431 705 2495; x_wconf 88' lang='lat' dir='ltr'>debes</span> <span class='ocrx_word' id='word_1_158' title='bbox 727 2449 911 2514; x_wconf 87' lang='lat' dir='ltr'>praeparare</span> <span class='ocrx_word' id='word_1_159' title='bbox 935 2434 1134 2514; x_wconf 88' lang='lat' dir='ltr'>suscepturus</span> <span class='ocrx_word' id='word_1_160' title='bbox 1158 2431 1295 2495; x_wconf 90' lang='lat' dir='ltr'>natalem</span> <span class='ocrx_word' id='word_1_161' title='bbox 1311 2429 1425 2494; x_wconf 91' lang='lat' dir='ltr'>domini</span> 
     </span>
     <span class='ocr_line' id='line_1_20' title="bbox 294 2534 1426 2619; baseline -0.002 -19"><span class='ocrx_word' id='word_1_162' title='bbox 294 2537 361 2600; x_wconf 82' lang='lat' dir='ltr'>tui?</span> <span class='ocrx_word' id='word_1_163' title='bbox 406 2535 432 2599; x_wconf 93' lang='lat' dir='ltr'>si</span> <span class='ocrx_word' id='word_1_164' title='bbox 456 2537 530 2600; x_wconf 87' lang='lat' dir='ltr'>talia</span> <span class='ocrx_word' id='word_1_165' title='bbox 551 2553 717 2619; x_wconf 87' lang='lat' dir='ltr'>praeparas</span> <span class='ocrx_word' id='word_1_166' title='bbox 741 2536 899 2616; x_wconf 91' lang='lat' dir='ltr'>morituro,</span> <span class='ocrx_word' id='word_1_167' title='bbox 928 2535 1031 2618; x_wconf 89' lang='lat' dir='ltr'>qualia</span> <span class='ocrx_word' id='word_1_168' title='bbox 1053 2553 1236 2618; x_wconf 91' lang='lat' dir='ltr'>praeparare</span> <span class='ocrx_word' id='word_1_169' title='bbox 1260 2534 1353 2599; x_wconf 90' lang='lat' dir='ltr'>debes</span> <span class='ocrx_word' id='word_1_170' title='bbox 1376 2552 1426 2598; x_wconf 89' lang='lat' dir='ltr'>ae·</span> 
     </span>
     <span class='ocr_line' id='line_1_21' title="bbox 242 2640 1426 2724; baseline -0.003 -18"><span class='ocrx_word' id='word_1_171' title='bbox 242 2667 267 2706; x_wconf 77' lang='lat' dir='ltr'>eo</span> <span class='ocrx_word' id='word_1_172' title='bbox 294 2643 404 2704; x_wconf 79' lang='lat' dir='ltr'>terno?</span> <span class='ocrx_word' id='word_1_173' title='bbox 435 2641 580 2723; x_wconf 90' lang='lat' dir='ltr'>quicquid</span> <span class='ocrx_word' id='word_1_174' title='bbox 605 2659 678 2724; x_wconf 83' lang='lat' dir='ltr'>ergo</span> <span class='ocrx_word' id='word_1_175' title='bbox 702 2658 763 2704; x_wconf 93' lang='lat' dir='ltr'>non</span> <span class='ocrx_word' id='word_1_176' title='bbox 787 2641 834 2704; x_wconf 92' lang='lat' dir='ltr'>uis</span> <span class='ocrx_word' id='word_1_177' title='bbox 858 2641 997 2704; x_wconf 92' lang='lat' dir='ltr'>inuenire</span> <span class='ocrx_word' id='word_1_178' title='bbox 1019 2640 1050 2704; x_wconf 94' lang='lat' dir='ltr'>in</span> <span class='ocrx_word' id='word_1_179' title='bbox 1072 2640 1165 2704; x_wconf 91' lang='lat' dir='ltr'>domu</span> <span class='ocrx_word' id='word_1_180' title='bbox 1189 2643 1252 2720; x_wconf 90' lang='lat' dir='ltr'>tua,</span> <span class='ocrx_word' id='word_1_181' title='bbox 1276 2643 1426 2722; x_wconf 88' lang='lat' dir='ltr'>quantum</span> 
     </span>
     <span class='ocr_line' id='line_1_22' title="bbox 293 2743 1426 2826; baseline -0.003 -17"><span class='ocrx_word' id='word_1_182' title='bbox 293 2749 393 2826; x_wconf 90' lang='lat' dir='ltr'>potes,</span> <span class='ocrx_word' id='word_1_183' title='bbox 416 2745 533 2826; x_wconf 88' lang='lat' dir='ltr'>labora,</span> <span class='ocrx_word' id='word_1_184' title='bbox 558 2749 669 2809; x_wconf 90' lang='lat' dir='ltr'>utnon</span> <span class='ocrx_word' id='word_1_185' title='bbox 690 2745 829 2809; x_wconf 88' lang='lat' dir='ltr'>inueniat</span> <span class='ocrx_word' id='word_1_186' title='bbox 849 2743 925 2808; x_wconf 90' lang='lat' dir='ltr'>deus</span> <span class='ocrx_word' id='word_1_187' title='bbox 949 2745 980 2808; x_wconf 96' lang='lat' dir='ltr'>in</span> <span class='ocrx_word' id='word_1_188' title='bbox 1004 2744 1110 2808; x_wconf 88' lang='lat' dir='ltr'>anima</span> <span class='ocrx_word' id='word_1_189' title='bbox 1132 2747 1193 2808; x_wconf 90' lang='lat' dir='ltr'>tua.</span> <span class='ocrx_word' id='word_1_190' title='bbox 1241 2747 1323 2808; x_wconf 89' lang='lat' dir='ltr'>certe</span> <span class='ocrx_word' id='word_1_191' title='bbox 1346 2744 1373 2807; x_wconf 86' lang='lat' dir='ltr'>si</span> <span class='ocrx_word' id='word_1_192' title='bbox 1395 2746 1426 2806; x_wconf 90' lang='lat' dir='ltr'>te</span> 
     </span>
     <span class='ocr_line' id='line_1_23' title="bbox 293 2848 1426 2932; baseline -0.004 -19"><span class='ocrx_word' id='word_1_193' title='bbox 293 2869 345 2913; x_wconf 86' lang='lat' dir='ltr'>rer</span> <span class='ocrx_word' id='word_1_194' title='bbox 368 2855 510 2914; x_wconf 86' lang='lat' dir='ltr'>terrenus</span> <span class='ocrx_word' id='word_1_195' title='bbox 534 2855 589 2913; x_wconf 90' lang='lat' dir='ltr'>ant</span> <span class='ocrx_word' id='word_1_196' title='bbox 611 2851 798 2932; x_wconf 85' lang='lat' dir='ltr'>quicumque</span> <span class='ocrx_word' id='word_1_197' title='bbox 820 2849 1042 2932; x_wconf 83' lang='lat' dir='ltr'>paterfamilias</span> <span class='ocrx_word' id='word_1_198' title='bbox 1069 2848 1107 2912; x_wconf 90' lang='lat' dir='ltr'>ad</span> <span class='ocrx_word' id='word_1_199' title='bbox 1130 2866 1222 2912; x_wconf 86' lang='lat' dir='ltr'>suum</span> <span class='ocrx_word' id='word_1_200' title='bbox 1247 2848 1426 2912; x_wconf 90' lang='lat' dir='ltr'>natalicium</span> 
     </span>
     <span class='ocr_line' id='line_1_24' title="bbox 293 2953 1426 3036; baseline -0.003 -19"><span class='ocrx_word' id='word_1_201' title='bbox 293 2955 450 3036; x_wconf 79' lang='lat' dir='ltr'>incitaret,</span> <span class='ocrx_word' id='word_1_202' title='bbox 474 2953 617 3036; x_wconf 88' lang='lat' dir='ltr'>qualibus</span> <span class='ocrx_word' id='word_1_203' title='bbox 634 2953 830 3018; x_wconf 89' lang='lat' dir='ltr'>uestimentis</span> <span class='ocrx_word' id='word_1_204' title='bbox 851 2953 992 3016; x_wconf 86' lang='lat' dir='ltr'>studeres</span> <span class='ocrx_word' id='word_1_205' title='bbox 1008 2957 1134 3017; x_wconf 91' lang='lat' dir='ltr'>ornatus</span> <span class='ocrx_word' id='word_1_206' title='bbox 1157 2953 1310 3034; x_wconf 87' lang='lat' dir='ltr'>incedere,</span> <span class='ocrx_word' id='word_1_207' title='bbox 1334 2970 1426 3034; x_wconf 90' lang='lat' dir='ltr'>qnam</span> 
     </span>
     <span class='ocr_line' id='line_1_25' title="bbox 294 3057 1427 3140; baseline -0.004 -18"><span class='ocrx_word' id='word_1_208' title='bbox 294 3059 383 3122; x_wconf 89' lang='lat' dir='ltr'>nouis</span> <span class='ocrx_word' id='word_1_209' title='bbox 407 3062 438 3122; x_wconf 88' lang='lat' dir='ltr'>et</span> <span class='ocrx_word' id='word_1_210' title='bbox 461 3058 566 3121; x_wconf 88' lang='lat' dir='ltr'>nitidis</span> <span class='ocrx_word' id='word_1_211' title='bbox 589 3058 639 3121; x_wconf 91' lang='lat' dir='ltr'>uel</span> <span class='ocrx_word' id='word_1_212' title='bbox 656 3076 750 3140; x_wconf 91' lang='lat' dir='ltr'>quam</span> <span class='ocrx_word' id='word_1_213' title='bbox 774 3057 953 3139; x_wconf 66' lang='lat' dir='ltr'>splendidis</span> <span class='ocrx_word' id='word_1_214' title='bbox 977 3075 1109 3138; x_wconf 91' lang='lat' dir='ltr'>qnorum</span> <span class='ocrx_word' id='word_1_215' title='bbox 1133 3075 1190 3121; x_wconf 91' lang='lat' dir='ltr'>nec</span> <span class='ocrx_word' id='word_1_216' title='bbox 1206 3059 1347 3121; x_wconf 90' lang='lat' dir='ltr'>uetustas</span> <span class='ocrx_word' id='word_1_217' title='bbox 1370 3073 1427 3120; x_wconf 90' lang='lat' dir='ltr'>nec</span> 
     </span>
     <span class='ocr_line' id='line_1_26' title="bbox 241 3161 1271 3244; baseline -0.001 -19"><span class='ocrx_word' id='word_1_218' title='bbox 241 3185 267 3226; x_wconf 75' lang='lat' dir='ltr'>re</span> <span class='ocrx_word' id='word_1_219' title='bbox 294 3161 400 3226; x_wconf 88' lang='lat' dir='ltr'>uilitas</span> <span class='ocrx_word' id='word_1_220' title='bbox 423 3162 527 3244; x_wconf 89' lang='lat' dir='ltr'>aliqua</span> <span class='ocrx_word' id='word_1_221' title='bbox 550 3181 605 3226; x_wconf 85' lang='lat' dir='ltr'>seu</span> <span class='ocrx_word' id='word_1_222' title='bbox 628 3162 759 3226; x_wconf 82' lang='lat' dir='ltr'>foeditas</span> <span class='ocrx_word' id='word_1_223' title='bbox 782 3163 886 3225; x_wconf 87' lang='lat' dir='ltr'>oculos</span> <span class='ocrx_word' id='word_1_224' title='bbox 910 3161 1072 3225; x_wconf 87' lang='lat' dir='ltr'>inuitantis</span> <span class='ocrx_word' id='word_1_225' title='bbox 1095 3162 1271 3226; x_wconf 85' lang='lat' dir='ltr'>offenderet.</span> 
     </span>
    </p>

    <p class='ocr_par' dir='ltr' id='par_1_6' title="bbox 337 3265 1426 3351">
     <span class='ocr_line' id='line_1_27' title="bbox 337 3265 1426 3351; baseline -0.001 -21"><span class='ocrx_word' id='word_1_226' title='bbox 337 3265 405 3331; x_wconf 83' lang='lat' dir='ltr'>Tali</span> <span class='ocrx_word' id='word_1_227' title='bbox 429 3284 502 3351; x_wconf 83' lang='lat' dir='ltr'>ergo</span> <span class='ocrx_word' id='word_1_228' title='bbox 525 3266 637 3348; x_wconf 86' lang='lat' dir='ltr'>studio,</span> <span class='ocrx_word' id='word_1_229' title='bbox 669 3265 876 3348; x_wconf 92' lang='lat' dir='ltr'>inquantum</span> <span class='ocrx_word' id='word_1_230' title='bbox 906 3267 1077 3348; x_wconf 86' lang='lat' dir='ltr'>praeuales,</span> <span class='ocrx_word' id='word_1_231' title='bbox 1108 3265 1231 3330; x_wconf 82' lang='lat' dir='ltr'>Christo</span> <span class='ocrx_word' id='word_1_232' title='bbox 1262 3265 1426 3329; x_wconf 85' lang='lat' dir='ltr'>auxiliante</span> 
     </span>
    </p>

    <p class='ocr_par' dir='ltr' id='par_1_7' title="bbox 294 3370 1429 3453">
     <span class='ocr_line' id='line_1_28' title="bbox 294 3370 1429 3453; baseline 0 -19"><span class='ocrx_word' id='word_1_233' title='bbox 294 3371 455 3452; x_wconf 87' lang='lat' dir='ltr'>contende,</span> <span class='ocrx_word' id='word_1_234' title='bbox 479 3375 514 3435; x_wconf 90' lang='lat' dir='ltr'>ut</span> <span class='ocrx_word' id='word_1_235' title='bbox 536 3371 668 3436; x_wconf 88' lang='lat' dir='ltr'>diuersis</span> <span class='ocrx_word' id='word_1_236' title='bbox 692 3372 843 3436; x_wconf 89' lang='lat' dir='ltr'>uirtutum</span> <span class='ocrx_word' id='word_1_237' title='bbox 859 3371 1052 3436; x_wconf 87' lang='lat' dir='ltr'>ornamentis</span> <span class='ocrx_word' id='word_1_238' title='bbox 1072 3372 1177 3436; x_wconf 89' lang='lat' dir='ltr'>anima</span> <span class='ocrx_word' id='word_1_239' title='bbox 1199 3375 1254 3435; x_wconf 88' lang='lat' dir='ltr'>tua</span> <span class='ocrx_word' id='word_1_240' title='bbox 1269 3370 1429 3453; x_wconf 88' lang='lat' dir='ltr'>conposita</span> 
     </span>
    </p>
   </div>
   <div class='ocr_carea' id='block_1_3' title="bbox 399 3508 948 3580">
    <p class='ocr_par' dir='ltr' id='par_1_8' title="bbox 399 3508 948 3580">
     <span class='ocr_line' id='line_1_29' title="bbox 399 3508 948 3580; baseline -0.004 -14"><span class='ocrx_word' id='word_1_241' title='bbox 399 3511 425 3580; x_wconf 86' lang='lat' dir='ltr'>r]</span> <span class='ocrx_word' id='word_1_242' title='bbox 446 3513 458 3566; x_wconf 91' lang='lat'>1</span> <span class='ocrx_word' id='word_1_243' title='bbox 478 3509 552 3565; x_wconf 78' lang='lat' dir='ltr'>sorr.</span> <span class='ocrx_word' id='word_1_244' title='bbox 566 3512 607 3579; x_wconf 92' lang='lat'>11,</span> <span class='ocrx_word' id='word_1_245' title='bbox 619 3512 661 3566; x_wconf 86' lang='lat' dir='ltr'>eo.</span> <span class='ocrx_word' id='word_1_246' title='bbox 714 3508 948 3579; x_wconf 62' lang='lat' dir='ltr'>miletensis.</span> 
     </span>
    </p>
   </div>
   <div class='ocr_carea' id='block_1_4' title="bbox 293 3629 1429 3821">
    <p class='ocr_par' dir='ltr' id='par_1_9' title="bbox 293 3629 1429 3821">
     <span class='ocr_line' id='line_1_30' title="bbox 336 3629 1428 3707; baseline -0.004 -19"><span class='ocrx_word' id='word_1_247' title='bbox 336 3633 494 3702; x_wconf 80' lang='lat' dir='ltr'>lpreoipue</span> <span class='ocrx_word' id='word_1_248' title='bbox 508 3633 537 3687; x_wconf 91' lang='lat' dir='ltr'><em>D</em></span> <span class='ocrx_word' id='word_1_249' title='bbox 568 3629 733 3707; x_wconf 50' lang='lat' dir='ltr'>¹iriullllllD</span> <span class='ocrx_word' id='word_1_250' title='bbox 786 3631 941 3700; x_wconf 82' lang='lat' dir='ltr'>euuangelio</span> <span class='ocrx_word' id='word_1_251' title='bbox 960 3632 989 3686; x_wconf 92' lang='lat' dir='ltr'><em>D</em></span> <span class='ocrx_word' id='word_1_252' title='bbox 1041 3633 1245 3699; x_wconf 80' lang='lat' dir='ltr'>lqnaessumus</span> <span class='ocrx_word' id='word_1_253' title='bbox 1264 3629 1293 3686; x_wconf 90' lang='lat' dir='ltr'><em>D</em></span> <span class='ocrx_word' id='word_1_254' title='bbox 1345 3635 1428 3688; x_wconf 85' lang='lat' dir='ltr'>8no·</span> 
     </span>
     <span class='ocr_line' id='line_1_31' title="bbox 293 3715 1429 3821; baseline -0.001 -48"><span class='ocrx_word' id='word_1_255' title='bbox 293 3715 354 3773; x_wconf 86' lang='lat' dir='ltr'>bilis</span> <span class='ocrx_word' id='word_1_256' title='bbox 374 3721 416 3774; x_wconf 82' lang='lat' dir='ltr'>D&#39;</span> <span class='ocrx_word' id='word_1_257' title='bbox 470 3717 617 3773; x_wconf 87' lang='lat' dir='ltr'>caelebrare</span> <span class='ocrx_word' id='word_1_258' title='bbox 635 3720 665 3774; x_wconf 88' lang='lat' dir='ltr'><em>D</em></span> <span class='ocrx_word' id='word_1_259' title='bbox 719 3721 751 3774; x_wconf 92' lang='lat'>10</span> <span class='ocrx_word' id='word_1_260' title='bbox 768 3719 900 3774; x_wconf 78' lang='lat' dir='ltr'>atenaD</span> <span class='ocrx_word' id='word_1_261' title='bbox 954 3720 983 3774; x_wconf 92' lang='lat' dir='ltr'>ll</span> <span class='ocrx_word' id='word_1_262' title='bbox 997 3717 1137 3787; x_wconf 88' lang='lat' dir='ltr'>proieciD</span> <span class='ocrx_word' id='word_1_263' title='bbox 1190 3719 1222 3821; x_wconf 57' lang='lat'>13</span> <span class='ocrx_word' id='word_1_264' title='bbox 1234 3717 1429 3786; x_wconf 84' lang='lat' dir='ltr'>pauimentoD</span> 
     </span>
    </p>
   </div>
   <div class='ocr_carea' id='block_1_5' title="bbox 294 3829 1429 3902">
    <p class='ocr_par' dir='ltr' id='par_1_10' title="bbox 294 3829 1429 3902">
     <span class='ocr_line' id='line_1_32' title="bbox 294 3829 1429 3902; baseline -0.002 -16"><span class='ocrx_word' id='word_1_265' title='bbox 294 3833 469 3902; x_wconf 60' lang='lat' dir='ltr'>mlpundantnr</span> <span class='ocrx_word' id='word_1_266' title='bbox 491 3833 520 3888; x_wconf 90' lang='lat' dir='ltr'><strong><em>D</em></strong></span> <span class='ocrx_word' id='word_1_267' title='bbox 542 3834 570 3900; x_wconf 87' lang='lat' dir='ltr'>(a</span> <span class='ocrx_word' id='word_1_268' title='bbox 587 3833 667 3900; x_wconf 82' lang='lat' dir='ltr'>erus.)</span> <span class='ocrx_word' id='word_1_269' title='bbox 730 3833 761 3887; x_wconf 89' lang='grc'>13</span> <span class='ocrx_word' id='word_1_270' title='bbox 779 3831 893 3886; x_wconf 89' lang='lat' dir='ltr'>letitiam</span> <span class='ocrx_word' id='word_1_271' title='bbox 911 3831 999 3884; x_wconf 88' lang='lat' dir='ltr'>anime</span> <span class='ocrx_word' id='word_1_272' title='bbox 1017 3832 1047 3886; x_wconf 87' lang='lat' dir='ltr'><strong><em>D</em></strong></span> <span class='ocrx_word' id='word_1_273' title='bbox 1109 3833 1140 3886; x_wconf 81' lang='lat'>14</span> <span class='ocrx_word' id='word_1_274' title='bbox 1159 3829 1288 3884; x_wconf 83' lang='lat' dir='ltr'>dilianum</span> <span class='ocrx_word' id='word_1_275' title='bbox 1306 3831 1344 3898; x_wconf 90' lang='lat' dir='ltr'>D,</span> <span class='ocrx_word' id='word_1_276' title='bbox 1362 3829 1429 3884; x_wconf 88' lang='lat' dir='ltr'>deli-</span> 
     </span>
    </p>
   </div>
   <div class='ocr_carea' id='block_1_6' title="bbox 293 3903 1430 4110">
    <p class='ocr_par' dir='ltr' id='par_1_11' title="bbox 293 3903 1430 4110">
     <span class='ocr_line' id='line_1_33' title="bbox 294 3903 1429 4017; baseline -0.001 -18"><span class='ocrx_word' id='word_1_277' title='bbox 294 3945 348 4000; x_wconf 83' lang='lat' dir='ltr'>cias</span> <span class='ocrx_word' id='word_1_278' title='bbox 367 3947 438 4017; x_wconf 76' lang='lat' dir='ltr'>Aap.</span> <span class='ocrx_word' id='word_1_279' title='bbox 476 3949 508 4003; x_wconf 91' lang='grc'>16</span> <span class='ocrx_word' id='word_1_280' title='bbox 526 3903 632 4014; x_wconf 60' lang='lat' dir='ltr'>naalisslf</span> <span class='ocrx_word' id='word_1_281' title='bbox 650 3947 679 4000; x_wconf 88' lang='lat' dir='ltr'><em>D</em></span> <span class='ocrx_word' id='word_1_282' title='bbox 714 3943 919 3999; x_wconf 87' lang='lat' dir='ltr'>caelebraturD</span> <span class='ocrx_word' id='word_1_283' title='bbox 953 3943 1203 3998; x_wconf 85' lang='lat' dir='ltr'>hominisrnorituri</span> <span class='ocrx_word' id='word_1_284' title='bbox 1216 3945 1287 4014; x_wconf 72' lang='lat' dir='ltr'>dap.</span> <span class='ocrx_word' id='word_1_285' title='bbox 1325 3945 1356 3999; x_wconf 87' lang='grc'>17</span> <span class='ocrx_word' id='word_1_286' title='bbox 1364 3949 1429 4013; x_wconf 77' lang='lat' dir='ltr'>post</span> 
     </span>
     <span class='ocr_line' id='line_1_34' title="bbox 293 4030 1430 4110; baseline -0.003 -22"><span class='ocrx_word' id='word_1_287' title='bbox 293 4037 658 4104; x_wconf 75' lang='lat' dir='ltr'>praeparaslueamclo-II</span> <span class='ocrx_word' id='word_1_288' title='bbox 672 4035 822 4088; x_wconf 75' lang='lat' dir='ltr'>litteramm</span> <span class='ocrx_word' id='word_1_289' title='bbox 834 4034 962 4088; x_wconf 72' lang='lat' dir='ltr'>mietio</span> <span class='ocrx_word' id='word_1_290' title='bbox 975 4032 1005 4086; x_wconf 91' lang='lat' dir='ltr'><em>D</em></span> <span class='ocrx_word' id='word_1_291' title='bbox 1048 4030 1171 4085; x_wconf 83' lang='lat' dir='ltr'>natacilio</span> <span class='ocrx_word' id='word_1_292' title='bbox 1184 4032 1213 4085; x_wconf 88' lang='lat' dir='ltr'><em>D</em></span> <span class='ocrx_word' id='word_1_293' title='bbox 1255 4033 1286 4087; x_wconf 86' lang='lat'>19</span> <span class='ocrx_word' id='word_1_294' title='bbox 1298 4031 1430 4110; x_wconf 79' lang='lat' dir='ltr'>eternoD</span> 
     </span>
    </p>
   </div>
   <div class='ocr_carea' id='block_1_7' title="bbox 294 4110 1430 4216">
    <p class='ocr_par' dir='ltr' id='par_1_12' title="bbox 294 4110 1430 4216">
     <span class='ocr_line' id='line_1_35' title="bbox 294 4110 1430 4216; baseline -0.003 -14"><span class='ocrx_word' id='word_1_295' title='bbox 294 4149 328 4202; x_wconf 89' lang='grc'>20</span> <span class='ocrx_word' id='word_1_296' title='bbox 351 4146 480 4216; x_wconf 88' lang='lat' dir='ltr'>quidquid</span> <span class='ocrx_word' id='word_1_297' title='bbox 503 4149 533 4203; x_wconf 93' lang='lat' dir='ltr'><em>D</em></span> <span class='ocrx_word' id='word_1_298' title='bbox 589 4114 637 4216; x_wconf 55' lang='lat' dir='ltr'>{go</span> <span class='ocrx_word' id='word_1_299' title='bbox 660 4145 690 4202; x_wconf 92' lang='lat' dir='ltr'><em>D</em></span> <span class='ocrx_word' id='word_1_300' title='bbox 746 4111 827 4199; x_wconf 61' lang='lat' dir='ltr'>domsr</span> <span class='ocrx_word' id='word_1_301' title='bbox 850 4145 880 4199; x_wconf 92' lang='lat' dir='ltr'><em>D</em></span> <span class='ocrx_word' id='word_1_302' title='bbox 941 4147 972 4200; x_wconf 84' lang='lat'>21</span> <span class='ocrx_word' id='word_1_303' title='bbox 996 4147 1085 4214; x_wconf 88' lang='lat' dir='ltr'>potest</span> <span class='ocrx_word' id='word_1_304' title='bbox 1107 4144 1136 4199; x_wconf 93' lang='lat' dir='ltr'><em>D</em></span> <span class='ocrx_word' id='word_1_305' title='bbox 1196 4145 1230 4199; x_wconf 90' lang='grc'>22</span> <span class='ocrx_word' id='word_1_306' title='bbox 1252 4110 1380 4197; x_wconf 51' lang='lat' dir='ltr'>natalium</span> <span class='ocrx_word' id='word_1_307' title='bbox 1399 4145 1430 4199; x_wconf 96' lang='lat' dir='ltr'><em>D</em></span> 
     </span>
    </p>
   </div>
   <div class='ocr_carea' id='block_1_8' title="bbox 294 4225 1430 4508">
    <p class='ocr_par' dir='ltr' id='par_1_13' title="bbox 294 4225 1430 4508">
     <span class='ocr_line' id='line_1_36' title="bbox 294 4225 1430 4330; baseline -0.007 -14"><span class='ocrx_word' id='word_1_308' title='bbox 294 4261 328 4316; x_wconf 85' lang='grc'>23</span> <span class='ocrx_word' id='word_1_309' title='bbox 346 4259 466 4330; x_wconf 78' lang='lat' dir='ltr'>studerell</span> <span class='ocrx_word' id='word_1_310' title='bbox 479 4261 507 4314; x_wconf 95' lang='lat' dir='ltr'><em>D</em></span> <span class='ocrx_word' id='word_1_311' title='bbox 524 4261 548 4328; x_wconf 89' lang='lat' dir='ltr'>(s</span> <span class='ocrx_word' id='word_1_312' title='bbox 567 4261 646 4327; x_wconf 67' lang='lat' dir='ltr'>mue.)</span> <span class='ocrx_word' id='word_1_313' title='bbox 699 4225 853 4314; x_wconf 50' lang='lat' dir='ltr'>ornatoauD</span> <span class='ocrx_word' id='word_1_314' title='bbox 905 4255 1041 4311; x_wconf 87' lang='lat' dir='ltr'>incaedere</span> <span class='ocrx_word' id='word_1_315' title='bbox 1060 4259 1090 4313; x_wconf 94' lang='lat' dir='ltr'><em>D</em></span> <span class='ocrx_word' id='word_1_316' title='bbox 1146 4259 1179 4313; x_wconf 83' lang='grc'>24</span> <span class='ocrx_word' id='word_1_317' title='bbox 1198 4256 1286 4326; x_wconf 86' lang='lat' dir='ltr'>nouis]</span> <span class='ocrx_word' id='word_1_318' title='bbox 1305 4256 1323 4310; x_wconf 85' lang='lat' dir='ltr'>ii</span> <span class='ocrx_word' id='word_1_319' title='bbox 1339 4255 1381 4308; x_wconf 84' lang='lat' dir='ltr'>uis</span> <span class='ocrx_word' id='word_1_320' title='bbox 1398 4253 1430 4309; x_wconf 95' lang='lat' dir='ltr'><em>D</em></span> 
     </span>
     <span class='ocr_line' id='line_1_37' title="bbox 294 4341 1430 4416; baseline -0.005 -14"><span class='ocrx_word' id='word_1_321' title='bbox 294 4363 326 4402; x_wconf 90' lang='lat' dir='ltr'>ne</span> <span class='ocrx_word' id='word_1_322' title='bbox 345 4349 419 4416; x_wconf 74' lang='lat' dir='ltr'>(ame</span> <span class='ocrx_word' id='word_1_323' title='bbox 436 4351 567 4414; x_wconf 83' lang='lat' dir='ltr'>uetustas)</span> <span class='ocrx_word' id='word_1_324' title='bbox 585 4349 614 4403; x_wconf 95' lang='lat' dir='ltr'><em>D</em></span> <span class='ocrx_word' id='word_1_325' title='bbox 666 4350 699 4403; x_wconf 82' lang='lat'>25</span> <span class='ocrx_word' id='word_1_326' title='bbox 719 4346 808 4414; x_wconf 85' lang='lat' dir='ltr'>aliqua</span> <span class='ocrx_word' id='word_1_327' title='bbox 825 4353 888 4400; x_wconf 70' lang='lat' dir='ltr'>aare</span> <span class='ocrx_word' id='word_1_328' title='bbox 900 4344 1013 4399; x_wconf 77' lang='lat' dir='ltr'>foeditas</span> <span class='ocrx_word' id='word_1_329' title='bbox 1025 4343 1129 4401; x_wconf 65' lang='lat' dir='ltr'>alcida</span> <span class='ocrx_word' id='word_1_330' title='bbox 1141 4346 1212 4415; x_wconf 72' lang='lat' dir='ltr'>Aoo.</span> <span class='ocrx_word' id='word_1_331' title='bbox 1265 4346 1299 4398; x_wconf 86' lang='grc'>26</span> <span class='ocrx_word' id='word_1_332' title='bbox 1317 4341 1381 4396; x_wconf 77' lang='lat' dir='ltr'>talia</span> <span class='ocrx_word' id='word_1_333' title='bbox 1399 4343 1430 4396; x_wconf 94' lang='lat' dir='ltr'><em>D</em></span> 
     </span>
     <span class='ocr_line' id='line_1_38' title="bbox 294 4435 562 4508; baseline -0.022 -12"><span class='ocrx_word' id='word_1_334' title='bbox 294 4438 327 4496; x_wconf 83' lang='grc'>27</span> <span class='ocrx_word' id='word_1_335' title='bbox 347 4435 481 4508; x_wconf 84' lang='lat' dir='ltr'>conpcssit</span> <span class='ocrx_word' id='word_1_336' title='bbox 499 4451 514 4490; x_wconf 88' lang='lat' dir='ltr'>a</span> <span class='ocrx_word' id='word_1_337' title='bbox 532 4436 562 4490; x_wconf 96' lang='lat' dir='ltr'><em>D</em></span> 
     </span>
    </p>
   </div>
   <div class='ocr_carea' id='block_1_9' title="bbox 0 0 1624 5144">
    <p class='ocr_par' dir='ltr' id='par_1_14' title="bbox 0 0 1624 5144">
     <span class='ocr_line' id='line_1_39' title="bbox 0 0 1624 5144; baseline 0 0"><span class='ocrx_word' id='word_1_338' title='bbox 0 0 1624 5144; x_wconf 95' lang='lat' dir='ltr'> </span> 
     </span>
    </p>
   </div>
  </div>
 </body>
</html>
