3268 5142
295 489 358 554 340
699 489 764 544 1111.
784 489 892 544 Sermo
910 491 1021 546 29-30.

294 683 327 726 se
350 663 416 745 ipso
440 663 547 727 saltim
570 664 646 728 uitia
667 664 886 729 daemoniacae
909 664 1154 748 impugnationis
1177 663 1319 746 expellat.
1367 681 1429 728 uon

293 769 398 850 potest
409 768 478 849 quis
491 785 598 832 curare
610 768 702 832 alieni
719 769 854 850 corporis
871 768 1026 848 morbum,
1042 771 1130 832 curet
1145 765 1289 832 morbum
1306 767 1428 832 animae

294 887 379 935 suae.
412 889 474 936 non
497 873 655 954 quaeritur
677 872 717 936 ab
740 873 874 954 bomine,
898 875 934 937 ut
949 873 1122 938 sanitatum
1144 871 1279 956 gratiam
1302 871 1429 951 tribuat,

294 993 373 1056 quae
396 975 425 1040 ei
448 977 520 1041 data
542 995 561 1040 a
583 977 746 1042 diuinitate
769 996 831 1042 non
854 977 956 1040 fuerit.
1003 976 1080 1041 uihil
1104 976 1205 1040 maius
1227 975 1342 1058 poterit
1363 975 1430 1040 etli-

242 1107 254 1145 s
294 1098 373 1161 cere,
397 1098 491 1163 quam
515 1081 542 1144 si
563 1081 630 1165 ipse
654 1081 693 1145 ad
716 1081 885 1146 sanitatem
907 1081 1064 1164 propriam
1087 1081 1236 1145 meruerit
1257 1080 1428 1162 peruenire.

337 1185 413 1249 Post
443 1183 581 1250 laborem
613 1186 791 1270 uigiliarum
823 1203 885 1250 non
915 1188 1048 1268 oportet,
1078 1189 1114 1249 ut
1141 1203 1196 1250 uos
1220 1184 1337 1249 diutius
1360 1201 1430 1267 pro-

294 1289 382 1354 lixior
405 1307 507 1354 sermo
530 1289 649 1373 fatiget.
693 1293 725 1354 et
751 1289 830 1371 ideo,
861 1290 1047 1372 quicumque
1070 1292 1120 1354 est
1141 1289 1288 1372 spiritalis
1311 1293 1344 1353 et
1365 1288 1431 1372 ple-

294 1393 414 1458 niorem
437 1411 614 1458 sermonem
638 1393 675 1458 de
698 1393 860 1458 diuinitate
884 1394 984 1458 sancti
999 1393 1128 1476 spiritus
1145 1393 1249 1458 audire
1264 1392 1431 1472 desiderat,

294 1497 343 1562 die
366 1498 502 1562 crastina
523 1498 676 1562 maturius
699 1498 739 1563 ad
762 1498 926 1562 eeclesiam
950 1497 1089 1562 sitienter
1112 1515 1148 1562 ac
1166 1497 1298 1562 fideliter
1312 1497 1430 1560 ueniat

243 1627 268 1666 10
294 1603 347 1684 qui
376 1603 460 1667 euim
490 1603 598 1668 neuim
629 1603 883 1683 dissimulauerit,
913 1621 975 1667 uon
998 1621 1032 1666 se
1055 1621 1124 1666 esse
1146 1601 1319 1685 spiritalem
1343 1619 1432 1684 aper·

293 1707 413 1771 tissime
436 1707 671 1772 demonstrabit.
718 1707 773 1771 sed
795 1707 950 1771 credimus
974 1706 1012 1770 de
1035 1706 1084 1770 dei
1107 1705 1326 1785 misericordia,
1349 1704 1432 1786 quod

294 1811 364 1894 plus
395 1812 477 1894 apud
507 1828 564 1876 uos
593 1811 696 1894 gratia
726 1811 853 1894 spiritus
880 1811 992 1892 sancti,
1023 1827 1118 1892 qnam
1140 1810 1300 1893 occupatio
1323 1809 1433 1874 mundi

294 1915 385 1980 istius
415 1915 609 1999 praeualebit
638 1919 817 2000 praestante
844 1915 968 1980 domino
990 1919 1097 1980 nostro
1119 1915 1191 1979 lesu
1215 1913 1350 1994 Christo,
1381 1913 1433 1976 cui

295 2023 343 2084 est
363 2020 463 2103 gloria
484 2020 517 2084 in
540 2021 665 2084 saecula
688 2021 893 2085 saeculorum.
939 2019 1052 2084 Amen.

243 2255 268 2294 ¹⁵
812 2246 910 2310 XXX.

606 2407 707 2448 SBRMO
730 2407 773 2447 Dm
796 2405 916 2447 sedern
939 2405 1117 2447 amulricum.

339 2541 418 2608 Cum
441 2543 479 2606 de
502 2541 558 2605 deo
582 2559 684 2605 sermo
708 2545 765 2621 est,
796 2541 907 2605 fratres
931 2540 1095 2621 carissimi,
1122 2540 1204 2604 sicut
1226 2539 1317 2604 ualde
1340 2541 1433 2605 noxia

297 2650 345 2711 est
374 2645 627 2710 contradictionis
653 2645 794 2725 intentio,
824 2645 869 2708 ita
895 2645 979 2709 utilis
1003 2647 1051 2708 est
1073 2644 1322 2729 interrogationis
1346 2645 1432 2708 solli-

297 2751 409 2816 citudo.
455 2748 497 2812 ibi
527 2749 610 2813 enim
641 2749 678 2812 de
708 2749 916 2813 obstinatione
947 2768 1057 2813 sensus
1085 2747 1270 2829 obstruitur,
1301 2748 1353 2812 hio
1382 2749 1433 2814 in-

244 2881 270 2919 co
297 2855 440 2919 tellectus
464 2855 501 2917 de
524 2853 724 2936 inquisitione
755 2856 812 2917 uut
830 2854 900 2933 tur,
931 2853 995 2916 illic
1025 2853 1188 2936 deprauari
1210 2851 1360 2916 resistens
1383 2852 1433 2916 in-

296 2957 429 3022 fidelitas
452 2957 633 3038 delectatur,
656 2958 706 3021 hic
729 2957 841 3020 erudiri
864 2957 1030 3021 oboediens
1051 2956 1211 3020 humilitas
1226 2959 1431 3039 promeretur.

296 3079 352 3126 uos
375 3079 459 3141 uero,
489 3062 600 3126 fratres
627 3062 789 3140 carissimi,
820 3065 1002 3144 praeparate
1025 3061 1233 3144 exceptorium
1255 3061 1356 3124 sancti
1376 3079 1433 3143 pe·

296 3167 390 3231 cteris
406 3166 503 3230 uestri
518 3165 659 3230 induenti
676 3183 772 3248 aquae
789 3165 911 3230 diuinae
927 3169 969 3246 et,
991 3165 1073 3247 quod
1088 3165 1126 3229 de
1141 3165 1287 3248 mysterio
1303 3169 1432 3230 senene

296 3270 445 3335 trinitatis
468 3270 519 3334 uel
542 3270 704 3334 dirrinitate
727 3269 827 3334 sancti
850 3270 977 3353 spiritus
999 3269 1157 3334 insinuare
1179 3269 1332 3352 cupimus,
1358 3287 1433 3333 cum

244 3399 270 3440 aa
297 3373 421 3439 silentio
437 3377 469 3438 et
484 3374 587 3456 quiete
603 3375 758 3458 suscipite.
795 3377 972 3438 sanctarum
990 3373 1074 3438 enim
1097 3373 1321 3456 scripturarum
1344 3373 1434 3437 testi-

296 3479 409 3543 moniis
429 3479 574 3542 uolumus
594 3479 775 3562 approbare,
798 3479 950 3560 quomodo
970 3477 1096 3562 spiritus
1116 3481 1244 3542 sauctus
1259 3478 1291 3542 iu
1311 3479 1433 3542 cunctis

295 3583 465 3648 uirtutibus
488 3583 570 3666 patri
593 3587 625 3646 et
646 3582 709 3648 tilio
731 3583 907 3665 coaequalis
923 3601 992 3646 esse
1007 3581 1167 3646 euidenter
1181 3582 1281 3665 possit
1295 3583 1433 3666 agnosci.

339 3687 486 3772 Legimus
502 3686 535 3750 in
550 3687 650 3750 ueteri
665 3690 862 3767 testamento,
885 3687 958 3769 quia
972 3687 1008 3750 in
1023 3686 1206 3771 principio
1229 3686 1320 3751 fecit
1341 3686 1433 3751 dous

296 3793 439 3856 caelum
462 3795 498 3856 ot
516 3795 653 3855 terram
673 3794 709 3856 et
727 3791 884 3875 spiritus
901 3791 958 3855 dei
974 3791 1165 3856 ferebatur
1181 3809 1290 3874 super
1306 3807 1433 3872 aquas.

244 3921 270 3961 so
296 3895 329 3960 iu
352 3896 408 3960 deo
431 3895 579 3980 intellege
602 3897 734 3980 patrem,
756 3896 789 3960 in
811 3895 961 3979 principio
977 3896 1081 3979 accipe
1096 3894 1208 3976 filium,
1230 3895 1434 3979 superfusum

399 4031 445 4102 aa]
465 4031 604 4097 Gen.1,1.
687 4069 689 4077 .

341 4173 372 4226 17
390 4172 474 4226 uerba
485 4187 546 4224 cum
560 4170 592 4224 de
606 4171 746 4226 deo-lin.
758 4175 792 4225 21
811 4173 977 4239 promeretur
994 4177 1099 4226 amne
1116 4173 1148 4226 a'n
1160 4171 1436 4240 Pseudo-Amisi

297 4257 366 4313 libro
384 4259 596 4314 testimoniorum
614 4259 685 4314 edito
703 4259 734 4312 iro
746 4257 840 4312 Parae
852 4258 991 4313 nectaris
1008 4259 1095 4314 saona
1112 4264 1137 4313 et
1154 4258 1274 4314 abaciam
1290 4258 1434 4328 apicilwio

297 4345 458 4401 Solem·
478 4345 586 4414 parutis
604 4363 634 4415 p.
651 4349 703 4400 147
725 4345 826 4410 (Porta.
847 4345 925 4411 1888)
996 4347 1030 4402 20
1047 4345 1229 4414 inquisitione]
1252 4343 1435 4402 obstinatione

297 4433 359 4487 Μαί
411 4433 444 4486 27
464 4431 595 4500 coequalis
613 4433 640 4487 R
