<?xml version="1.0" encoding="UTF-8"?>
<!DOCTYPE html PUBLIC "-//W3C//DTD XHTML 1.0 Transitional//EN"
    "http://www.w3.org/TR/xhtml1/DTD/xhtml1-transitional.dtd">
<html xmlns="http://www.w3.org/1999/xhtml" xml:lang="en" lang="en">
 <head>
  <title>
</title>
<meta http-equiv="Content-Type" content="text/html;charset=utf-8" />
  <meta name='ocr-system' content='tesseract 3.04.00' />
  <meta name='ocr-capabilities' content='ocr_page ocr_carea ocr_par ocr_line ocrx_word'/>
</head>
<body>
  <div class='ocr_page' id='page_1' title='image "./praetersermones01fausgoog/praetersermones01fausgoog_0523.png"; bbox 0 0 3290 5152; ppageno 0'>
   <div class='ocr_carea' id='block_1_1' title="bbox 810 481 938 536">
    <p class='ocr_par' dir='ltr' id='par_1_1' title="bbox 810 481 938 536">
     <span class='ocr_line' id='line_1_1' title="bbox 810 481 938 536; baseline -0.008 0"><span class='ocrx_word' id='word_1_1' title='bbox 810 481 938 536; x_wconf 85' lang='lat' dir='ltr'>Ruricii</span> 
     </span>
    </p>
   </div>
   <div class='ocr_carea' id='block_1_2' title="bbox 843 673 907 739">
    <p class='ocr_par' dir='ltr' id='par_1_2' title="bbox 843 673 907 739">
     <span class='ocr_line' id='line_1_2' title="bbox 843 673 907 739; baseline -0.016 0"><span class='ocrx_word' id='word_1_2' title='bbox 843 673 907 739; x_wconf 87' lang='lat' dir='ltr'>LV.</span> 
     </span>
    </p>
   </div>
   <div class='ocr_carea' id='block_1_3' title="bbox 525 815 1227 860">
    <p class='ocr_par' dir='ltr' id='par_1_3' title="bbox 525 815 1227 860">
     <span class='ocr_line' id='line_1_3' title="bbox 525 815 1227 860; baseline 0 0"><span class='ocrx_word' id='word_1_3' title='bbox 525 817 669 860; x_wconf 77' lang='lat' dir='ltr'>numerus</span> <span class='ocrx_word' id='word_1_4' title='bbox 692 815 877 860; x_wconf 74' lang='lat' dir='ltr'>APRUNCULO</span> <span class='ocrx_word' id='word_1_5' title='bbox 900 815 1050 859; x_wconf 73' lang='lat' dir='ltr'><strong>EPISGOPO</strong></span> <span class='ocrx_word' id='word_1_6' title='bbox 1073 817 1227 860; x_wconf 69' lang='lat' dir='ltr'>SALUTEM.</span> 
     </span>
    </p>
   </div>
   <div class='ocr_carea' id='block_1_4' title="bbox 249 933 1445 2249">
    <p class='ocr_par' dir='ltr' id='par_1_4' title="bbox 252 933 1445 2164">
     <span class='ocr_line' id='line_1_4' title="bbox 351 933 1445 1018; baseline -0.004 -18"><span class='ocrx_word' id='word_1_7' title='bbox 351 933 438 1000; x_wconf 86' lang='lat' dir='ltr'>Sicut</span> <span class='ocrx_word' id='word_1_8' title='bbox 459 934 581 999; x_wconf 74' lang='lat' dir='ltr'>litteras</span> <span class='ocrx_word' id='word_1_9' title='bbox 604 935 779 1000; x_wconf 85' lang='lat' dir='ltr'>sanctitatis</span> <span class='ocrx_word' id='word_1_10' title='bbox 803 939 926 1000; x_wconf 89' lang='lat' dir='ltr'>uestrae</span> <span class='ocrx_word' id='word_1_11' title='bbox 949 955 1003 1018; x_wconf 90' lang='lat' dir='ltr'>per·</span> <span class='ocrx_word' id='word_1_12' title='bbox 1027 935 1129 1000; x_wconf 89' lang='lat' dir='ltr'>uirum</span> <span class='ocrx_word' id='word_1_13' title='bbox 1144 934 1355 999; x_wconf 90' lang='lat' dir='ltr'>uenerabilem</span> <span class='ocrx_word' id='word_1_14' title='bbox 1371 933 1445 997; x_wconf 79' lang='lat' dir='ltr'>lilo-</span> 
     </span>
     <span class='ocr_line' id='line_1_5' title="bbox 307 1037 1444 1123; baseline -0.002 -21"><span class='ocrx_word' id='word_1_15' title='bbox 307 1039 394 1122; x_wconf 90' lang='lat' dir='ltr'>gium</span> <span class='ocrx_word' id='word_1_16' title='bbox 417 1057 489 1103; x_wconf 92' lang='lat' dir='ltr'>cum</span> <span class='ocrx_word' id='word_1_17' title='bbox 508 1039 716 1122; x_wconf 75' lang='lat' dir='ltr'><strong>gratulatione</strong></span> <span class='ocrx_word' id='word_1_18' title='bbox 732 1040 865 1123; x_wconf 81' lang='lat' dir='ltr'><strong>suscepi,</strong></span> <span class='ocrx_word' id='word_1_19' title='bbox 889 1040 932 1104; x_wconf 85' lang='lat' dir='ltr'>ita</span> <span class='ocrx_word' id='word_1_20' title='bbox 947 1039 1003 1104; x_wconf 89' lang='lat' dir='ltr'>has</span> <span class='ocrx_word' id='word_1_21' title='bbox 1020 1039 1129 1104; x_wconf 91' lang='lat' dir='ltr'>eodem</span> <span class='ocrx_word' id='word_1_22' title='bbox 1146 1039 1292 1104; x_wconf 82' lang='lat' dir='ltr'><strong>redeunte</strong></span> <span class='ocrx_word' id='word_1_23' title='bbox 1308 1037 1444 1102; x_wconf 81' lang='lat' dir='ltr'>libenter</span> 
     </span>
     <span class='ocr_line' id='line_1_6' title="bbox 268 1141 1443 1226; baseline -0.003 -19"><span class='ocrx_word' id='word_1_24' title='bbox 268 1169 281 1207; x_wconf 82' lang='lat' dir='ltr'>s</span> <span class='ocrx_word' id='word_1_25' title='bbox 307 1145 405 1208; x_wconf 90' lang='lat' dir='ltr'>emisi.</span> <span class='ocrx_word' id='word_1_26' title='bbox 440 1143 552 1225; x_wconf 87' lang='lat' dir='ltr'>quibus</span> <span class='ocrx_word' id='word_1_27' title='bbox 576 1144 762 1226; x_wconf 88' lang='lat' dir='ltr'>apostolatui</span> <span class='ocrx_word' id='word_1_28' title='bbox 784 1147 888 1208; x_wconf 88' lang='lat' dir='ltr'>uestro</span> <span class='ocrx_word' id='word_1_29' title='bbox 911 1142 1052 1208; x_wconf 89' lang='lat' dir='ltr'>debitum</span> <span class='ocrx_word' id='word_1_30' title='bbox 1073 1143 1212 1226; x_wconf 90' lang='lat' dir='ltr'>dependo</span> <span class='ocrx_word' id='word_1_31' title='bbox 1228 1141 1443 1225; x_wconf 83' lang='lat' dir='ltr'>sospitationis</span> 
     </span>
     <span class='ocr_line' id='line_1_7' title="bbox 306 1246 1441 1331; baseline -0.002 -21"><span class='ocrx_word' id='word_1_32' title='bbox 306 1246 445 1312; x_wconf 81' lang='lat' dir='ltr'>officium</span> <span class='ocrx_word' id='word_1_33' title='bbox 468 1247 621 1330; x_wconf 89' lang='lat' dir='ltr'>simulque</span> <span class='ocrx_word' id='word_1_34' title='bbox 644 1247 787 1331; x_wconf 90' lang='lat' dir='ltr'>deposco,</span> <span class='ocrx_word' id='word_1_35' title='bbox 810 1252 846 1312; x_wconf 92' lang='lat' dir='ltr'>ut</span> <span class='ocrx_word' id='word_1_36' title='bbox 868 1265 923 1330; x_wconf 92' lang='lat' dir='ltr'>pro</span> <span class='ocrx_word' id='word_1_37' title='bbox 947 1247 1036 1312; x_wconf 88' lang='lat' dir='ltr'>nobis</span> <span class='ocrx_word' id='word_1_38' title='bbox 1059 1265 1146 1312; x_wconf 88' lang='lat' dir='ltr'>orare</span> <span class='ocrx_word' id='word_1_39' title='bbox 1169 1246 1339 1328; x_wconf 85' lang='lat' dir='ltr'>dignemini</span> <span class='ocrx_word' id='word_1_40' title='bbox 1363 1250 1395 1310; x_wconf 87' lang='lat' dir='ltr'>et</span> <span class='ocrx_word' id='word_1_41' title='bbox 1409 1247 1441 1309; x_wconf 94' lang='lat' dir='ltr'>id</span> 
     </span>
     <span class='ocr_line' id='line_1_8' title="bbox 305 1350 1442 1436; baseline -0.004 -20"><span class='ocrx_word' id='word_1_42' title='bbox 305 1351 504 1416; x_wconf 88' lang='lat' dir='ltr'>acommuni</span> <span class='ocrx_word' id='word_1_43' title='bbox 532 1351 655 1416; x_wconf 90' lang='lat' dir='ltr'>domiuo</span> <span class='ocrx_word' id='word_1_44' title='bbox 682 1352 868 1436; x_wconf 79' lang='lat' dir='ltr'>peculiarius</span> <span class='ocrx_word' id='word_1_45' title='bbox 891 1352 1059 1436; x_wconf 89' lang='lat' dir='ltr'>postulare,</span> <span class='ocrx_word' id='word_1_46' title='bbox 1090 1354 1126 1415; x_wconf 91' lang='lat' dir='ltr'>ut</span> <span class='ocrx_word' id='word_1_47' title='bbox 1148 1351 1211 1415; x_wconf 90' lang='lat' dir='ltr'>iam</span> <span class='ocrx_word' id='word_1_48' title='bbox 1233 1350 1362 1414; x_wconf 88' lang='lat' dir='ltr'>tandem</span> <span class='ocrx_word' id='word_1_49' title='bbox 1385 1350 1442 1413; x_wconf 90' lang='lat' dir='ltr'>ali-</span> 
     </span>
     <span class='ocr_line' id='line_1_9' title="bbox 304 1454 1440 1537; baseline -0.003 -17"><span class='ocrx_word' id='word_1_50' title='bbox 304 1456 427 1537; x_wconf 90' lang='lat' dir='ltr'>quando</span> <span class='ocrx_word' id='word_1_51' title='bbox 456 1457 487 1520; x_wconf 93' lang='lat' dir='ltr'>in</span> <span class='ocrx_word' id='word_1_52' title='bbox 518 1474 616 1520; x_wconf 92' lang='lat' dir='ltr'>unum</span> <span class='ocrx_word' id='word_1_53' title='bbox 646 1456 752 1521; x_wconf 91' lang='lat' dir='ltr'>uenire</span> <span class='ocrx_word' id='word_1_54' title='bbox 776 1459 807 1519; x_wconf 94' lang='lat' dir='ltr'>et</span> <span class='ocrx_word' id='word_1_55' title='bbox 829 1473 886 1520; x_wconf 91' lang='lat' dir='ltr'>nos</span> <span class='ocrx_word' id='word_1_56' title='bbox 909 1455 1015 1520; x_wconf 90' lang='lat' dir='ltr'>nidere</span> <span class='ocrx_word' id='word_1_57' title='bbox 1038 1473 1225 1535; x_wconf 89' lang='lat' dir='ltr'>mereamur,</span> <span class='ocrx_word' id='word_1_58' title='bbox 1255 1457 1290 1518; x_wconf 90' lang='lat' dir='ltr'>ut</span> <span class='ocrx_word' id='word_1_59' title='bbox 1312 1454 1440 1533; x_wconf 89' lang='lat' dir='ltr'>caritas,</span> 
     </span>
     <span class='ocr_line' id='line_1_10' title="bbox 304 1557 1438 1642; baseline -0.003 -18"><span class='ocrx_word' id='word_1_60' title='bbox 304 1578 382 1642; x_wconf 89' lang='lat' dir='ltr'>quae</span> <span class='ocrx_word' id='word_1_61' title='bbox 414 1560 586 1625; x_wconf 89' lang='lat' dir='ltr'>secundum</span> <span class='ocrx_word' id='word_1_62' title='bbox 615 1560 805 1624; x_wconf 89' lang='lat' dir='ltr'>sententiam</span> <span class='ocrx_word' id='word_1_63' title='bbox 836 1559 1023 1624; x_wconf 78' lang='lat' dir='ltr'>dominicam</span> <span class='ocrx_word' id='word_1_64' title='bbox 1053 1560 1085 1622; x_wconf 90' lang='lat' dir='ltr'>in</span> <span class='ocrx_word' id='word_1_65' title='bbox 1114 1557 1291 1642; x_wconf 82' lang='lat' dir='ltr'>pectoribus</span> <span class='ocrx_word' id='word_1_66' title='bbox 1322 1558 1438 1622; x_wconf 88' lang='lat' dir='ltr'>nostris</span> 
     </span>
     <span class='ocr_line' id='line_1_11' title="bbox 252 1662 1438 1748; baseline -0.003 -20"><span class='ocrx_word' id='word_1_67' title='bbox 252 1691 277 1728; x_wconf 86' lang='lat'>10</span> <span class='ocrx_word' id='word_1_68' title='bbox 302 1683 358 1748; x_wconf 92' lang='lat' dir='ltr'>per</span> <span class='ocrx_word' id='word_1_69' title='bbox 381 1664 566 1744; x_wconf 88' lang='lat' dir='ltr'>absentiam,</span> <span class='ocrx_word' id='word_1_70' title='bbox 589 1663 671 1746; x_wconf 87' lang='lat' dir='ltr'>quod</span> <span class='ocrx_word' id='word_1_71' title='bbox 692 1664 780 1747; x_wconf 90' lang='lat' dir='ltr'>peius</span> <span class='ocrx_word' id='word_1_72' title='bbox 796 1667 854 1744; x_wconf 87' lang='lat' dir='ltr'>est,</span> <span class='ocrx_word' id='word_1_73' title='bbox 877 1663 1005 1744; x_wconf 81' lang='lat' dir='ltr'>refrixit,</span> <span class='ocrx_word' id='word_1_74' title='bbox 1028 1683 1083 1746; x_wconf 91' lang='lat' dir='ltr'>per</span> <span class='ocrx_word' id='word_1_75' title='bbox 1098 1663 1307 1745; x_wconf 87' lang='lat' dir='ltr'>praesentiam</span> <span class='ocrx_word' id='word_1_76' title='bbox 1322 1662 1438 1726; x_wconf 91' lang='lat' dir='ltr'>itemm</span> 
     </span>
     <span class='ocr_line' id='line_1_12' title="bbox 303 1764 1438 1852; baseline -0.002 -20"><span class='ocrx_word' id='word_1_77' title='bbox 303 1769 335 1832; x_wconf 92' lang='lat' dir='ltr'>in</span> <span class='ocrx_word' id='word_1_78' title='bbox 359 1769 468 1852; x_wconf 90' lang='lat' dir='ltr'>sopitis</span> <span class='ocrx_word' id='word_1_79' title='bbox 492 1767 649 1832; x_wconf 82' lang='lat' dir='ltr'>cineribus</span> <span class='ocrx_word' id='word_1_80' title='bbox 672 1768 839 1832; x_wconf 92' lang='lat' dir='ltr'>suscitetur</span> <span class='ocrx_word' id='word_1_81' title='bbox 863 1771 893 1832; x_wconf 90' lang='lat' dir='ltr'>et</span> <span class='ocrx_word' id='word_1_82' title='bbox 915 1768 997 1832; x_wconf 93' lang='lat' dir='ltr'>niuis</span> <span class='ocrx_word' id='word_1_83' title='bbox 1020 1766 1149 1832; x_wconf 92' lang='lat' dir='ltr'>uocibus</span> <span class='ocrx_word' id='word_1_84' title='bbox 1172 1766 1260 1849; x_wconf 90' lang='lat' dir='ltr'>quasi</span> <span class='ocrx_word' id='word_1_85' title='bbox 1276 1765 1367 1830; x_wconf 90' lang='lat' dir='ltr'>nouis</span> <span class='ocrx_word' id='word_1_86' title='bbox 1382 1764 1438 1830; x_wconf 90' lang='lat' dir='ltr'>fla-</span> 
     </span>
     <span class='ocr_line' id='line_1_13' title="bbox 303 1869 1437 1954; baseline -0.003 -18"><span class='ocrx_word' id='word_1_87' title='bbox 303 1871 387 1936; x_wconf 91' lang='lat' dir='ltr'>tibus</span> <span class='ocrx_word' id='word_1_88' title='bbox 410 1873 524 1937; x_wconf 86' lang='lat' dir='ltr'>ueteris</span> <span class='ocrx_word' id='word_1_89' title='bbox 548 1873 661 1938; x_wconf 85' lang='lat' dir='ltr'>amoris</span> <span class='ocrx_word' id='word_1_90' title='bbox 676 1873 851 1936; x_wconf 90' lang='lat' dir='ltr'>rediuiuum</span> <span class='ocrx_word' id='word_1_91' title='bbox 865 1876 1025 1954; x_wconf 88' lang='lat' dir='ltr'>reparetur</span> <span class='ocrx_word' id='word_1_92' title='bbox 1040 1871 1228 1952; x_wconf 88' lang='lat' dir='ltr'>incendium,</span> <span class='ocrx_word' id='word_1_93' title='bbox 1251 1869 1335 1952; x_wconf 90' lang='lat' dir='ltr'>quod</span> <span class='ocrx_word' id='word_1_94' title='bbox 1351 1887 1437 1934; x_wconf 92' lang='lat' dir='ltr'>more</span> 
     </span>
     <span class='ocr_line' id='line_1_14' title="bbox 302 1975 1437 2060; baseline -0.002 -20"><span class='ocrx_word' id='word_1_95' title='bbox 302 1979 395 2058; x_wconf 91' lang='lat' dir='ltr'>atque</span> <span class='ocrx_word' id='word_1_96' title='bbox 423 1977 541 2041; x_wconf 90' lang='lat' dir='ltr'>uirtute</span> <span class='ocrx_word' id='word_1_97' title='bbox 570 1976 651 2060; x_wconf 90' lang='lat' dir='ltr'>ignis</span> <span class='ocrx_word' id='word_1_98' title='bbox 678 1976 773 2056; x_wconf 89' lang='lat' dir='ltr'>illius,</span> <span class='ocrx_word' id='word_1_99' title='bbox 804 1995 896 2058; x_wconf 88' lang='lat' dir='ltr'>quem</span> <span class='ocrx_word' id='word_1_100' title='bbox 920 1976 1062 2040; x_wconf 92' lang='lat' dir='ltr'>dominus</span> <span class='ocrx_word' id='word_1_101' title='bbox 1085 1975 1170 2039; x_wconf 87' lang='lat' dir='ltr'>misit</span> <span class='ocrx_word' id='word_1_102' title='bbox 1191 1975 1223 2038; x_wconf 96' lang='lat' dir='ltr'>in</span> <span class='ocrx_word' id='word_1_103' title='bbox 1246 1979 1373 2054; x_wconf 91' lang='lat' dir='ltr'>terram,</span> <span class='ocrx_word' id='word_1_104' title='bbox 1404 1979 1437 2038; x_wconf 89' lang='lat' dir='ltr'>et</span> 
     </span>
     <span class='ocr_line' id='line_1_15' title="bbox 301 2078 1436 2164; baseline -0.003 -19"><span class='ocrx_word' id='word_1_105' title='bbox 301 2081 408 2162; x_wconf 91' lang='lat' dir='ltr'>spinas</span> <span class='ocrx_word' id='word_1_106' title='bbox 435 2081 650 2164; x_wconf 84' lang='lat' dir='ltr'>neglegentiae</span> <span class='ocrx_word' id='word_1_107' title='bbox 673 2083 797 2144; x_wconf 89' lang='lat' dir='ltr'>nostrae</span> <span class='ocrx_word' id='word_1_108' title='bbox 820 2084 912 2162; x_wconf 91' lang='lat' dir='ltr'>atque</span> <span class='ocrx_word' id='word_1_109' title='bbox 935 2080 1069 2144; x_wconf 88' lang='lat' dir='ltr'>desidiae</span> <span class='ocrx_word' id='word_1_110' title='bbox 1092 2080 1123 2144; x_wconf 93' lang='lat' dir='ltr'>ui</span> <span class='ocrx_word' id='word_1_111' title='bbox 1147 2082 1276 2145; x_wconf 86' lang='lat' dir='ltr'>naturae</span> <span class='ocrx_word' id='word_1_112' title='bbox 1298 2078 1436 2160; x_wconf 88' lang='lat' dir='ltr'>potentis</span> 
     </span>
    </p>

    <p class='ocr_par' dir='ltr' id='par_1_5' title="bbox 249 2182 1151 2249">
     <span class='ocr_line' id='line_1_16' title="bbox 249 2182 1151 2249; baseline -0.001 -1"><span class='ocrx_word' id='word_1_113' title='bbox 249 2210 274 2248; x_wconf 82' lang='lat' dir='ltr'>ra</span> <span class='ocrx_word' id='word_1_114' title='bbox 301 2188 408 2248; x_wconf 84' lang='lat' dir='ltr'>exurat</span> <span class='ocrx_word' id='word_1_115' title='bbox 430 2188 461 2248; x_wconf 91' lang='lat' dir='ltr'>et</span> <span class='ocrx_word' id='word_1_116' title='bbox 484 2182 628 2248; x_wconf 86' lang='lat' dir='ltr'>tenebras</span> <span class='ocrx_word' id='word_1_117' title='bbox 652 2184 831 2249; x_wconf 92' lang='lat' dir='ltr'>dormientis</span> <span class='ocrx_word' id='word_1_118' title='bbox 854 2184 954 2248; x_wconf 91' lang='lat' dir='ltr'>cordis</span> <span class='ocrx_word' id='word_1_119' title='bbox 977 2184 1151 2248; x_wconf 90' lang='lat' dir='ltr'>inluminet.</span> 
     </span>
    </p>
   </div>
   <div class='ocr_carea' id='block_1_5' title="bbox 824 2373 905 2438">
    <p class='ocr_par' dir='ltr' id='par_1_6' title="bbox 824 2373 905 2438">
     <span class='ocr_line' id='line_1_17' title="bbox 824 2373 905 2438; baseline 0.012 -1"><span class='ocrx_word' id='word_1_120' title='bbox 824 2373 905 2438; x_wconf 87' lang='lat' dir='ltr'>LVI.</span> 
     </span>
    </p>
   </div>
   <div class='ocr_carea' id='block_1_6' title="bbox 512 2515 1213 2559">
    <p class='ocr_par' dir='ltr' id='par_1_7' title="bbox 512 2515 1213 2559">
     <span class='ocr_line' id='line_1_18' title="bbox 512 2515 1213 2559; baseline 0 -1"><span class='ocrx_word' id='word_1_121' title='bbox 512 2517 588 2558; x_wconf 73' lang='lat' dir='ltr'>l&#39;ffli</span> <span class='ocrx_word' id='word_1_122' title='bbox 610 2517 685 2558; x_wconf 74' lang='lat' dir='ltr'>Anu</span> <span class='ocrx_word' id='word_1_123' title='bbox 708 2516 827 2558; x_wconf 73' lang='lat' dir='ltr'>aaaron</span> <span class='ocrx_word' id='word_1_124' title='bbox 851 2517 893 2558; x_wconf 77' lang='lat' dir='ltr'>AD</span> <span class='ocrx_word' id='word_1_125' title='bbox 916 2516 1009 2559; x_wconf 77' lang='lat' dir='ltr'>IPSUM</span> <span class='ocrx_word' id='word_1_126' title='bbox 1031 2515 1213 2559; x_wconf 63' lang='lat' dir='ltr'>EPISOOPUK.</span> 
     </span>
    </p>
   </div>
   <div class='ocr_carea' id='block_1_7' title="bbox 238 2633 1432 3551">
    <p class='ocr_par' dir='ltr' id='par_1_8' title="bbox 340 2633 1432 2718">
     <span class='ocr_line' id='line_1_19' title="bbox 340 2633 1432 2718; baseline 0 -20"><span class='ocrx_word' id='word_1_127' title='bbox 340 2633 519 2698; x_wconf 85' lang='lat' dir='ltr'>Adsiduitas</span> <span class='ocrx_word' id='word_1_128' title='bbox 548 2635 779 2718; x_wconf 81' lang='lat' dir='ltr'>supplicantum</span> <span class='ocrx_word' id='word_1_129' title='bbox 803 2635 927 2717; x_wconf 88' lang='lat' dir='ltr'>supplet</span> <span class='ocrx_word' id='word_1_130' title='bbox 949 2634 980 2697; x_wconf 94' lang='lat' dir='ltr'>in</span> <span class='ocrx_word' id='word_1_131' title='bbox 1005 2633 1093 2698; x_wconf 90' lang='lat' dir='ltr'>nobis</span> <span class='ocrx_word' id='word_1_132' title='bbox 1116 2634 1233 2718; x_wconf 88' lang='lat' dir='ltr'>gratiae</span> <span class='ocrx_word' id='word_1_133' title='bbox 1256 2635 1432 2698; x_wconf 90' lang='lat' dir='ltr'>communis</span> 
     </span>
    </p>

    <p class='ocr_par' dir='ltr' id='par_1_9' title="bbox 295 2737 1431 2820">
     <span class='ocr_line' id='line_1_20' title="bbox 295 2737 1431 2820; baseline 0 -18"><span class='ocrx_word' id='word_1_134' title='bbox 295 2737 443 2819; x_wconf 89' lang='lat' dir='ltr'>officium,</span> <span class='ocrx_word' id='word_1_135' title='bbox 466 2743 502 2802; x_wconf 93' lang='lat' dir='ltr'>ut</span> <span class='ocrx_word' id='word_1_136' title='bbox 524 2738 591 2818; x_wconf 88' lang='lat' dir='ltr'>hoc,</span> <span class='ocrx_word' id='word_1_137' title='bbox 615 2739 696 2820; x_wconf 95' lang='lat' dir='ltr'>quod</span> <span class='ocrx_word' id='word_1_138' title='bbox 719 2739 821 2802; x_wconf 87' lang='lat' dir='ltr'>facero</span> <span class='ocrx_word' id='word_1_139' title='bbox 844 2737 1013 2802; x_wconf 90' lang='lat' dir='ltr'>debeamus</span> <span class='ocrx_word' id='word_1_140' title='bbox 1035 2757 1090 2820; x_wconf 93' lang='lat' dir='ltr'>per</span> <span class='ocrx_word' id='word_1_141' title='bbox 1113 2741 1241 2802; x_wconf 88' lang='lat' dir='ltr'>mutuae</span> <span class='ocrx_word' id='word_1_142' title='bbox 1256 2737 1431 2802; x_wconf 82' lang='lat' dir='ltr'>dilectionis</span> 
     </span>
    </p>

    <p class='ocr_par' dir='ltr' id='par_1_10' title="bbox 241 2841 1429 2926">
     <span class='ocr_line' id='line_1_21' title="bbox 241 2841 1429 2926; baseline -0.003 -17"><span class='ocrx_word' id='word_1_143' title='bbox 241 2871 267 2909; x_wconf 83' lang='grc' dir='ltr'>ιο</span> <span class='ocrx_word' id='word_1_144' title='bbox 294 2841 451 2923; x_wconf 83' lang='lat' dir='ltr'>affectum,</span> <span class='ocrx_word' id='word_1_145' title='bbox 480 2842 631 2907; x_wconf 88' lang='lat' dir='ltr'>faciamus</span> <span class='ocrx_word' id='word_1_146' title='bbox 662 2861 716 2926; x_wconf 92' lang='lat' dir='ltr'>per</span> <span class='ocrx_word' id='word_1_147' title='bbox 748 2845 890 2907; x_wconf 84' lang='lat' dir='ltr'>externae</span> <span class='ocrx_word' id='word_1_148' title='bbox 920 2843 1113 2907; x_wconf 87' lang='lat' dir='ltr'>necessitatis</span> <span class='ocrx_word' id='word_1_149' title='bbox 1144 2843 1320 2925; x_wconf 89' lang='lat' dir='ltr'>imperium,</span> <span class='ocrx_word' id='word_1_150' title='bbox 1355 2842 1429 2906; x_wconf 91' lang='lat' dir='ltr'>dum</span> 
     </span>
    </p>

    <p class='ocr_par' dir='ltr' id='par_1_11' title="bbox 293 2945 1430 3030">
     <span class='ocr_line' id='line_1_22' title="bbox 293 2945 1430 3030; baseline 0 -20"><span class='ocrx_word' id='word_1_151' title='bbox 293 2946 411 3010; x_wconf 90' lang='lat' dir='ltr'>alienae</span> <span class='ocrx_word' id='word_1_152' title='bbox 442 2945 608 3010; x_wconf 85' lang='lat' dir='ltr'>tribuimur</span> <span class='ocrx_word' id='word_1_153' title='bbox 638 2947 787 3030; x_wconf 91' lang='lat' dir='ltr'>petitioni,</span> <span class='ocrx_word' id='word_1_154' title='bbox 818 2946 901 3029; x_wconf 90' lang='lat' dir='ltr'>qnod</span> <span class='ocrx_word' id='word_1_155' title='bbox 930 2947 1071 3029; x_wconf 91' lang='lat' dir='ltr'>propriae</span> <span class='ocrx_word' id='word_1_156' title='bbox 1101 2946 1212 3011; x_wconf 90' lang='lat' dir='ltr'>debere</span> <span class='ocrx_word' id='word_1_157' title='bbox 1235 2963 1291 3011; x_wconf 91' lang='lat' dir='ltr'>nos</span> <span class='ocrx_word' id='word_1_158' title='bbox 1314 2963 1430 3030; x_wconf 92' lang='lat' dir='ltr'>cogno-</span> 
     </span>
    </p>

    <p class='ocr_par' dir='ltr' id='par_1_12' title="bbox 292 3050 1428 3130">
     <span class='ocr_line' id='line_1_23' title="bbox 292 3050 1428 3130; baseline 0.002 -16"><span class='ocrx_word' id='word_1_159' title='bbox 292 3050 408 3114; x_wconf 90' lang='lat' dir='ltr'>scimus</span> <span class='ocrx_word' id='word_1_160' title='bbox 432 3050 564 3130; x_wconf 90' lang='lat' dir='ltr'>caritati,</span> <span class='ocrx_word' id='word_1_161' title='bbox 587 3053 623 3114; x_wconf 92' lang='lat' dir='ltr'>nt</span> <span class='ocrx_word' id='word_1_162' title='bbox 644 3051 721 3116; x_wconf 90' lang='lat' dir='ltr'>haec</span> <span class='ocrx_word' id='word_1_163' title='bbox 744 3051 918 3116; x_wconf 90' lang='lat' dir='ltr'>litterarum</span> <span class='ocrx_word' id='word_1_164' title='bbox 934 3051 1128 3116; x_wconf 89' lang='lat' dir='ltr'>necessitudo</span> <span class='ocrx_word' id='word_1_165' title='bbox 1152 3055 1235 3115; x_wconf 90' lang='lat' dir='ltr'>esset</span> <span class='ocrx_word' id='word_1_166' title='bbox 1257 3069 1293 3114; x_wconf 84' lang='lat' dir='ltr'>ex</span> <span class='ocrx_word' id='word_1_167' title='bbox 1316 3051 1428 3116; x_wconf 92' lang='lat' dir='ltr'>uolun-</span> 
     </span>
    </p>

    <p class='ocr_par' dir='ltr' id='par_1_13' title="bbox 291 3155 1427 3238">
     <span class='ocr_line' id='line_1_24' title="bbox 291 3155 1427 3238; baseline 0.001 -20"><span class='ocrx_word' id='word_1_168' title='bbox 291 3158 355 3218; x_wconf 86' lang='lat' dir='ltr'>tate</span> <span class='ocrx_word' id='word_1_169' title='bbox 378 3155 614 3219; x_wconf 90' lang='lat' dir='ltr'>necessitudinis</span> <span class='ocrx_word' id='word_1_170' title='bbox 637 3155 778 3237; x_wconf 92' lang='lat' dir='ltr'>iocunda,</span> <span class='ocrx_word' id='word_1_171' title='bbox 802 3173 864 3220; x_wconf 92' lang='lat' dir='ltr'>non</span> <span class='ocrx_word' id='word_1_172' title='bbox 880 3173 954 3220; x_wconf 92' lang='lat' dir='ltr'>uero</span> <span class='ocrx_word' id='word_1_173' title='bbox 970 3155 1147 3220; x_wconf 85' lang='lat' dir='ltr'>calamitate</span> <span class='ocrx_word' id='word_1_174' title='bbox 1163 3155 1352 3238; x_wconf 88' lang='lat' dir='ltr'>deplorantis</span> <span class='ocrx_word' id='word_1_175' title='bbox 1376 3174 1427 3220; x_wconf 91' lang='lat' dir='ltr'>er-</span> 
     </span>
    </p>

    <p class='ocr_par' dir='ltr' id='par_1_14' title="bbox 238 3259 1426 3344">
     <span class='ocr_line' id='line_1_25' title="bbox 238 3259 1426 3344; baseline 0.002 -22"><span class='ocrx_word' id='word_1_176' title='bbox 238 3269 239 3274; x_wconf 76' lang='grc'>’</span> <span class='ocrx_word' id='word_1_177' title='bbox 290 3262 381 3322; x_wconf 92' lang='lat' dir='ltr'>torta.</span> <span class='ocrx_word' id='word_1_178' title='bbox 417 3261 534 3340; x_wconf 90' lang='lat' dir='ltr'>tamen,</span> <span class='ocrx_word' id='word_1_179' title='bbox 564 3259 636 3341; x_wconf 89' lang='lat' dir='ltr'>quia</span> <span class='ocrx_word' id='word_1_180' title='bbox 659 3263 862 3343; x_wconf 86' lang='lat' dir='ltr'>spontaneam</span> <span class='ocrx_word' id='word_1_181' title='bbox 885 3259 1040 3325; x_wconf 90' lang='lat' dir='ltr'>scribendi</span> <span class='ocrx_word' id='word_1_182' title='bbox 1063 3259 1258 3344; x_wconf 87' lang='lat' dir='ltr'>neglegimus</span> <span class='ocrx_word' id='word_1_183' title='bbox 1281 3260 1426 3344; x_wconf 85' lang='lat' dir='ltr'>gratiam,</span> 
     </span>
    </p>

    <p class='ocr_par' dir='ltr' id='par_1_15' title="bbox 239 3362 1427 3551">
     <span class='ocr_line' id='line_1_26' title="bbox 239 3362 1427 3449; baseline 0 -21"><span class='ocrx_word' id='word_1_184' title='bbox 239 3389 265 3428; x_wconf 76' lang='lat' dir='ltr'>ss</span> <span class='ocrx_word' id='word_1_185' title='bbox 290 3362 396 3427; x_wconf 86' lang='lat' dir='ltr'>saltim</span> <span class='ocrx_word' id='word_1_186' title='bbox 426 3364 675 3446; x_wconf 87' lang='lat' dir='ltr'>praetermittere</span> <span class='ocrx_word' id='word_1_187' title='bbox 709 3381 770 3429; x_wconf 90' lang='lat' dir='ltr'>non</span> <span class='ocrx_word' id='word_1_188' title='bbox 806 3364 955 3428; x_wconf 89' lang='lat' dir='ltr'>debemus</span> <span class='ocrx_word' id='word_1_189' title='bbox 991 3365 1155 3449; x_wconf 87' lang='lat' dir='ltr'>ingestam.</span> <span class='ocrx_word' id='word_1_190' title='bbox 1208 3363 1337 3446; x_wconf 87' lang='lat' dir='ltr'>ideoque</span> <span class='ocrx_word' id='word_1_191' title='bbox 1371 3383 1427 3447; x_wconf 90' lang='lat' dir='ltr'>per</span> 
     </span>
     <span class='ocr_line' id='line_1_27' title="bbox 288 3467 1424 3551; baseline 0.001 -20"><span class='ocrx_word' id='word_1_192' title='bbox 288 3467 418 3531; x_wconf 78' lang='lat' dir='ltr'>fratrem</span> <span class='ocrx_word' id='word_1_193' title='bbox 449 3471 480 3531; x_wconf 92' lang='lat' dir='ltr'>et</span> <span class='ocrx_word' id='word_1_194' title='bbox 509 3467 785 3551; x_wconf 82' lang='lat' dir='ltr'>conpresbyterum</span> <span class='ocrx_word' id='word_1_195' title='bbox 815 3473 956 3534; x_wconf 91' lang='lat' dir='ltr'>nostrum</span> <span class='ocrx_word' id='word_1_196' title='bbox 979 3467 1182 3549; x_wconf 85' lang='lat' dir='ltr'>Maxentium,</span> <span class='ocrx_word' id='word_1_197' title='bbox 1212 3487 1305 3550; x_wconf 89' lang='lat' dir='ltr'>quem</span> <span class='ocrx_word' id='word_1_198' title='bbox 1334 3467 1424 3532; x_wconf 90' lang='lat' dir='ltr'>nobis</span> 
     </span>
    </p>
   </div>
   <div class='ocr_carea' id='block_1_8' title="bbox 391 3601 935 3674">
    <p class='ocr_par' dir='ltr' id='par_1_16' title="bbox 391 3601 935 3674">
     <span class='ocr_line' id='line_1_28' title="bbox 391 3601 935 3674; baseline 0.007 -17"><span class='ocrx_word' id='word_1_199' title='bbox 391 3601 418 3672; x_wconf 85' lang='grc' dir='ltr'>ε]</span> <span class='ocrx_word' id='word_1_200' title='bbox 437 3603 533 3658; x_wconf 77' lang='lat' dir='ltr'>uasta.</span> <span class='ocrx_word' id='word_1_201' title='bbox 546 3606 588 3668; x_wconf 74' lang='lat' dir='ltr'>aa,</span> <span class='ocrx_word' id='word_1_202' title='bbox 603 3606 641 3661; x_wconf 86' lang='lat' dir='ltr'>ra.</span> <span class='ocrx_word' id='word_1_203' title='bbox 698 3605 743 3674; x_wconf 86' lang='lat' dir='ltr'>ra]</span> <span class='ocrx_word' id='word_1_204' title='bbox 762 3603 825 3660; x_wconf 69' lang='lat' dir='ltr'>nuo.</span> <span class='ocrx_word' id='word_1_205' title='bbox 841 3607 881 3670; x_wconf 87' lang='lat' dir='ltr'>ra,</span> <span class='ocrx_word' id='word_1_206' title='bbox 893 3608 935 3662; x_wconf 81' lang='lat'>49.</span> 
     </span>
    </p>
   </div>
   <div class='ocr_carea' id='block_1_9' title="bbox 280 3723 1425 4490">
    <p class='ocr_par' dir='ltr' id='par_1_17' title="bbox 280 3723 1425 4490">
     <span class='ocr_line' id='line_1_29' title="bbox 330 3723 1425 3797; baseline 0.005 -17"><span class='ocrx_word' id='word_1_207' title='bbox 330 3723 525 3795; x_wconf 87' lang='lat' dir='ltr'>5depe11doo,</span> <span class='ocrx_word' id='word_1_208' title='bbox 544 3725 741 3796; x_wconf 70' lang='lat' dir='ltr'>deponendos</span> <span class='ocrx_word' id='word_1_209' title='bbox 791 3725 980 3783; x_wconf 83' lang='lat' dir='ltr'>boifltiumS</span> <span class='ocrx_word' id='word_1_210' title='bbox 1029 3727 1206 3784; x_wconf 78' lang='lat' dir='ltr'>&#39;lcomuniS</span> <span class='ocrx_word' id='word_1_211' title='bbox 1256 3726 1425 3797; x_wconf 81' lang='lat' dir='ltr'>postolareS</span> 
     </span>
     <span class='ocr_line' id='line_1_30' title="bbox 288 3812 1421 3884; baseline 0.004 -18"><span class='ocrx_word' id='word_1_212' title='bbox 288 3814 320 3867; x_wconf 91' lang='lat'>10</span> <span class='ocrx_word' id='word_1_213' title='bbox 342 3812 417 3882; x_wconf 88' lang='lat' dir='ltr'>peius</span> <span class='ocrx_word' id='word_1_214' title='bbox 439 3815 501 3883; x_wconf 71' lang='lat' dir='ltr'>Ka,</span> <span class='ocrx_word' id='word_1_215' title='bbox 522 3813 592 3883; x_wconf 90' lang='lat' dir='ltr'>peris</span> <span class='ocrx_word' id='word_1_216' title='bbox 616 3814 645 3882; x_wconf 80' lang='lat' dir='ltr'>S,</span> <span class='ocrx_word' id='word_1_217' title='bbox 668 3813 741 3883; x_wconf 85' lang='lat' dir='ltr'>longi</span> <span class='ocrx_word' id='word_1_218' title='bbox 764 3814 891 3884; x_wconf 87' lang='lat' dir='ltr'>temporis</span> <span class='ocrx_word' id='word_1_219' title='bbox 909 3816 1007 3872; x_wconf 68' lang='lat' dir='ltr'>contu</span> <span class='ocrx_word' id='word_1_220' title='bbox 1077 3815 1107 3870; x_wconf 97' lang='lat'>11</span> <span class='ocrx_word' id='word_1_221' title='bbox 1128 3814 1221 3884; x_wconf 87' lang='lat' dir='ltr'>sopitis</span> <span class='ocrx_word' id='word_1_222' title='bbox 1238 3815 1421 3884; x_wconf 74' lang='lat' dir='ltr'>Laeetjobcoc,</span> 
     </span>
     <span class='ocr_line' id='line_1_31' title="bbox 286 3899 1420 3972; baseline 0.004 -21"><span class='ocrx_word' id='word_1_223' title='bbox 286 3899 433 3968; x_wconf 83' lang='lat' dir='ltr'>sospitisS</span> <span class='ocrx_word' id='word_1_224' title='bbox 485 3899 595 3956; x_wconf 87' lang='lat' dir='ltr'>nobiso</span> <span class='ocrx_word' id='word_1_225' title='bbox 647 3899 783 3958; x_wconf 75' lang='lat' dir='ltr'>flatibaS</span> <span class='ocrx_word' id='word_1_226' title='bbox 833 3903 866 3958; x_wconf 91' lang='grc'>12</span> <span class='ocrx_word' id='word_1_227' title='bbox 884 3917 1007 3958; x_wconf 87' lang='lat' dir='ltr'>amoreo</span> <span class='ocrx_word' id='word_1_228' title='bbox 1061 3905 1092 3958; x_wconf 86' lang='lat'>15</span> <span class='ocrx_word' id='word_1_229' title='bbox 1110 3909 1137 3955; x_wconf 88' lang='lat' dir='ltr'>ct</span> <span class='ocrx_word' id='word_1_230' title='bbox 1154 3901 1217 3956; x_wconf 83' lang='lat' dir='ltr'>cdd.</span> <span class='ocrx_word' id='word_1_231' title='bbox 1236 3902 1420 3972; x_wconf 78' lang='lat' dir='ltr'>Lcetjolroao,</span> 
     </span>
     <span class='ocr_line' id='line_1_32' title="bbox 285 3985 1419 4058; baseline 0.004 -18"><span class='ocrx_word' id='word_1_232' title='bbox 285 3985 379 4042; x_wconf 64' lang='lat' dir='ltr'>onas</span> <span class='ocrx_word' id='word_1_233' title='bbox 428 3986 582 4056; x_wconf 89' lang='lat' dir='ltr'>inluminet]</span> <span class='ocrx_word' id='word_1_234' title='bbox 601 3986 662 4042; x_wconf 86' lang='lat' dir='ltr'>linit</span> <span class='ocrx_word' id='word_1_235' title='bbox 678 3988 782 4044; x_wconf 67' lang='lat' dir='ltr'>adds</span> <span class='ocrx_word' id='word_1_236' title='bbox 837 3991 868 4043; x_wconf 83' lang='lat' dir='ltr'>l&#39;l</span> <span class='ocrx_word' id='word_1_237' title='bbox 887 3989 1012 4045; x_wconf 78' lang='lat' dir='ltr'>ruriciS</span> <span class='ocrx_word' id='word_1_238' title='bbox 1069 3991 1101 4044; x_wconf 91' lang='lat'>18</span> <span class='ocrx_word' id='word_1_239' title='bbox 1120 3987 1317 4058; x_wconf 87' lang='lat' dir='ltr'>supplicantum</span> <span class='ocrx_word' id='word_1_240' title='bbox 1337 3989 1419 4044; x_wconf 73' lang='lat' dir='ltr'>Latet·</span> 
     </span>
     <span class='ocr_line' id='line_1_33' title="bbox 280 4071 1420 4145; baseline 0.003 -20"><span class='ocrx_word' id='word_1_241' title='bbox 280 4071 396 4141; x_wconf 73' lang='lat' dir='ltr'>joiadem,</span> <span class='ocrx_word' id='word_1_242' title='bbox 409 4073 587 4142; x_wconf 86' lang='lat' dir='ltr'>supplicatum</span> <span class='ocrx_word' id='word_1_243' title='bbox 602 4075 631 4142; x_wconf 80' lang='lat' dir='ltr'>S,</span> <span class='ocrx_word' id='word_1_244' title='bbox 644 4073 840 4144; x_wconf 84' lang='lat' dir='ltr'>supplicatnum</span> <span class='ocrx_word' id='word_1_245' title='bbox 852 4077 895 4131; x_wconf 77' lang='lat' dir='ltr'>uel</span> <span class='ocrx_word' id='word_1_246' title='bbox 907 4074 1113 4145; x_wconf 87' lang='lat' dir='ltr'>supplicantium</span> <span class='ocrx_word' id='word_1_247' title='bbox 1126 4077 1184 4131; x_wconf 77' lang='lat' dir='ltr'>oin</span> <span class='ocrx_word' id='word_1_248' title='bbox 1194 4077 1267 4132; x_wconf 75' lang='lat' dir='ltr'>notia</span> <span class='ocrx_word' id='word_1_249' title='bbox 1316 4078 1348 4131; x_wconf 89' lang='lat'>19</span> <span class='ocrx_word' id='word_1_250' title='bbox 1361 4074 1420 4128; x_wconf 87' lang='lat' dir='ltr'>oili-</span> 
     </span>
     <span class='ocr_line' id='line_1_34' title="bbox 284 4158 1420 4231; baseline 0.004 -20"><span class='ocrx_word' id='word_1_251' title='bbox 284 4158 394 4214; x_wconf 81' lang='lat' dir='ltr'>tiums</span> <span class='ocrx_word' id='word_1_252' title='bbox 463 4159 589 4214; x_wconf 84' lang='lat' dir='ltr'>debemus</span> <span class='ocrx_word' id='word_1_253' title='bbox 611 4163 679 4218; x_wconf 75' lang='lat' dir='ltr'>coci.</span> <span class='ocrx_word' id='word_1_254' title='bbox 699 4161 883 4218; x_wconf 76' lang='lat' dir='ltr'>Mommsemcs</span> <span class='ocrx_word' id='word_1_255' title='bbox 952 4177 999 4231; x_wconf 88' lang='lat' dir='ltr'>per</span> <span class='ocrx_word' id='word_1_256' title='bbox 1021 4163 1082 4230; x_wconf 72' lang='lat' dir='ltr'>Kc,</span> <span class='ocrx_word' id='word_1_257' title='bbox 1104 4177 1182 4231; x_wconf 88' lang='lat' dir='ltr'>super</span> <span class='ocrx_word' id='word_1_258' title='bbox 1205 4162 1420 4218; x_wconf 65' lang='lat' dir='ltr'>summense</span> 
     </span>
     <span class='ocr_line' id='line_1_35' title="bbox 283 4243 1418 4317; baseline 0.004 -18"><span class='ocrx_word' id='word_1_259' title='bbox 283 4245 317 4299; x_wconf 82' lang='lat'>20</span> <span class='ocrx_word' id='word_1_260' title='bbox 335 4243 430 4298; x_wconf 85' lang='lat' dir='ltr'>affectu</span> <span class='ocrx_word' id='word_1_261' title='bbox 449 4247 633 4303; x_wconf 79' lang='lat' dir='ltr'>Momorsence</span> <span class='ocrx_word' id='word_1_262' title='bbox 686 4247 834 4302; x_wconf 84' lang='lat' dir='ltr'>facimuso</span> <span class='ocrx_word' id='word_1_263' title='bbox 885 4250 919 4304; x_wconf 89' lang='grc'>22</span> <span class='ocrx_word' id='word_1_264' title='bbox 938 4247 1115 4317; x_wconf 86' lang='lat' dir='ltr'>necessitudo]</span> <span class='ocrx_word' id='word_1_265' title='bbox 1134 4263 1201 4316; x_wconf 88' lang='lat' dir='ltr'>quae</span> <span class='ocrx_word' id='word_1_266' title='bbox 1217 4248 1282 4302; x_wconf 82' lang='lat' dir='ltr'>odd.</span> <span class='ocrx_word' id='word_1_267' title='bbox 1301 4250 1418 4304; x_wconf 80' lang='lat' dir='ltr'>Momm-</span> 
     </span>
     <span class='ocr_line' id='line_1_36' title="bbox 282 4333 1416 4404; baseline 0.003 -19"><span class='ocrx_word' id='word_1_268' title='bbox 282 4347 362 4386; x_wconf 74' lang='lat' dir='ltr'>amos</span> <span class='ocrx_word' id='word_1_269' title='bbox 431 4333 466 4386; x_wconf 84' lang='grc'>23</span> <span class='ocrx_word' id='word_1_270' title='bbox 490 4347 542 4386; x_wconf 93' lang='lat' dir='ltr'>non</span> <span class='ocrx_word' id='word_1_271' title='bbox 565 4349 627 4386; x_wconf 90' lang='lat' dir='ltr'>nero</span> <span class='ocrx_word' id='word_1_272' title='bbox 648 4334 821 4403; x_wconf 58' lang='lat' dir='ltr'>Gaetulorum,</span> <span class='ocrx_word' id='word_1_273' title='bbox 844 4350 913 4390; x_wconf 91' lang='lat' dir='ltr'>nouo</span> <span class='ocrx_word' id='word_1_274' title='bbox 933 4337 962 4404; x_wconf 80' lang='lat' dir='ltr'>S,</span> <span class='ocrx_word' id='word_1_275' title='bbox 986 4351 1038 4388; x_wconf 90' lang='lat' dir='ltr'>nou</span> <span class='ocrx_word' id='word_1_276' title='bbox 1056 4351 1086 4388; x_wconf 82' lang='lat' dir='ltr'>ex</span> <span class='ocrx_word' id='word_1_277' title='bbox 1104 4336 1166 4402; x_wconf 77' lang='lat' dir='ltr'>Kr,</span> <span class='ocrx_word' id='word_1_278' title='bbox 1185 4351 1237 4388; x_wconf 91' lang='lat' dir='ltr'>non</span> <span class='ocrx_word' id='word_1_279' title='bbox 1255 4334 1330 4388; x_wconf 80' lang='lat' dir='ltr'>iuuet</span> <span class='ocrx_word' id='word_1_280' title='bbox 1348 4337 1416 4391; x_wconf 81' lang='lat' dir='ltr'>coni.</span> 
     </span>
     <span class='ocr_line' id='line_1_37' title="bbox 281 4419 969 4490; baseline 0.006 -16"><span class='ocrx_word' id='word_1_281' title='bbox 281 4419 473 4486; x_wconf 79' lang='lat' dir='ltr'>Mommscms,</span> <span class='ocrx_word' id='word_1_282' title='bbox 493 4435 596 4475; x_wconf 79' lang='lat' dir='ltr'>nouae</span> <span class='ocrx_word' id='word_1_283' title='bbox 647 4423 681 4475; x_wconf 87' lang='grc'>26</span> <span class='ocrx_word' id='word_1_284' title='bbox 700 4419 927 4490; x_wconf 88' lang='lat' dir='ltr'>conpresbiternm</span> <span class='ocrx_word' id='word_1_285' title='bbox 947 4422 969 4478; x_wconf 76' lang='lat' dir='ltr'><strong><em>S</em></strong></span> 
     </span>
    </p>
   </div>
   <div class='ocr_carea' id='block_1_10' title="bbox 0 0 1650 5152">
    <p class='ocr_par' dir='ltr' id='par_1_18' title="bbox 0 0 1650 5152">
     <span class='ocr_line' id='line_1_38' title="bbox 0 0 1650 5152; baseline 0 10"><span class='ocrx_word' id='word_1_286' title='bbox 0 0 1650 5152; x_wconf 95' lang='lat' dir='ltr'> </span> 
     </span>
    </p>
   </div>
  </div>
 </body>
</html>
