3264 5134
616 501 743 554 Liberi
763 504 838 556 5-6.
1233 502 1293 566 109

151 677 198 740 sio
224 677 308 741 enirn
330 675 484 740 habemus
508 677 539 740 in
563 675 693 742 Genesi:
724 681 760 740 et
783 676 875 740 dixit
898 678 1002 742 deus:
1025 678 1207 742 iaciamus
1234 679 1294 743 bo-

150 781 301 862 minem,
322 784 354 845 et
368 781 498 846 iterum:
522 781 667 846 creauit
683 780 772 845 dens
788 781 990 862 hominem,
1011 783 1162 846 attentio:
1187 782 1294 847 bene-

151 885 245 950 dixit
269 887 301 950 ei
324 885 423 950 deus.
459 885 534 950 dixit
554 886 640 966 deus,
664 885 738 950 lecit
759 885 845 966 deus,
868 885 1028 950 benedixit
1048 886 1134 950 deus.
1168 891 1294 970 propter

149 995 212 1054 tres
243 1007 393 1074 personas
423 993 471 1054 ter
502 991 631 1054 iteratur
662 1008 726 1054 nna
756 990 911 1054 diuinitas.
951 1009 1012 1073 quo
1038 991 1106 1056 loeo
1135 991 1294 1056 euidenter

149 1095 335 1178 mysterium
359 1095 454 1159 etiam
477 1095 606 1160 unitatis
629 1095 786 1178 intellege.
828 1113 898 1158 ecce
925 1095 1030 1178 imago
1057 1094 1107 1159 dei
1130 1099 1160 1159 et
1183 1095 1293 1160 simili·
1332 1123 1345 1162 a

148 1199 223 1263 tudo
255 1199 421 1282 unicnique
452 1199 572 1264 homini
595 1217 614 1263 a
636 1199 736 1263 tribus
768 1200 860 1263 datur
888 1203 1047 1264 ettamen
1071 1217 1134 1263 una
1157 1217 1224 1263 esse
1248 1201 1293 1264 di-

150 1304 298 1368 noscitur.
339 1303 415 1368 dixit
438 1303 528 1368 deus:
556 1303 718 1367 faciamus.
758 1303 924 1386 diligenter
947 1303 1090 1384 adtende,
1114 1303 1188 1367 dnm
1212 1323 1292 1368 unns

148 1407 221 1472 dicit
249 1411 281 1472 et
307 1425 370 1472 non
398 1426 479 1472 unus
502 1407 579 1471 iacit
601 1408 737 1489 dumque
761 1407 874 1474 iterum
898 1408 1048 1492 singulari
1075 1409 1195 1490 plurale
1222 1427 1292 1491 per-

149 1512 261 1576 miscet
276 1531 333 1577 nee
353 1512 442 1576 dicit:
467 1512 506 1576 ad
522 1511 675 1595 imagines
692 1515 723 1576 et
738 1511 958 1576 similitudines
974 1516 1106 1594 nostras,
1127 1514 1178 1576 uel
1194 1517 1291 1578 certe:

150 1617 187 1680 ad
217 1617 388 1701 imaginem
413 1621 444 1681 et
466 1617 704 1682 similitudinem
733 1635 847 1698 meam,
878 1617 1032 1682 unitatem
1063 1617 1291 1702 singularitate,
1319 1645 1344 1684 10

149 1721 326 1786 trinitatem
355 1721 533 1804 pluralitate
565 1722 775 1786 commendat:
813 1722 918 1803 itaquo
948 1722 979 1785 in
1013 1739 1058 1802 eo,
1091 1723 1173 1803 quod
1203 1721 1290 1786 dicit:

149 1825 301 1890 iaciamus
330 1826 368 1890 ad
392 1829 544 1906 nostram,
574 1843 776 1908 personarum
808 1843 957 1890 numerus
982 1827 1162 1909 explicatur,
1193 1827 1224 1890 in
1255 1844 1291 1890 eo

150 1947 232 2011 noro,
261 1930 343 2012 quod
367 1929 566 2014 singulariter
590 1931 648 1994 ait:
677 1931 716 1994 ad
739 1931 910 2014 imaginem
928 1933 966 1994 'ct
989 1931 1234 2012 similitudinem,
1259 1932 1291 1996 in

151 2053 246 2099 unam
269 2035 479 2100 substantiam
503 2035 602 2100 deitas
625 2035 758 2099 indiuisa
781 2035 945 2119 colligitur.

193 2138 272 2204 Cum
296 2139 442 2204 Abrahae
473 2139 506 2204 in
537 2141 616 2204 ostio
647 2139 841 2204 tabernaculi
872 2140 1067 2223 apparuisset
1096 2140 1171 2204 dens
1200 2145 1232 2204 et
1255 2159 1291 2204 ex
1318 2165 1343 2206 rs

150 2260 210 2308 uno
232 2247 297 2308 tres
320 2243 385 2308 eius
410 2263 443 2309 se
467 2243 563 2308 oculis
587 2243 771 2308 mirabiliter
794 2243 991 2324 obtulissent,
1015 2244 1169 2308 intritus
1192 2263 1289 2309 unum

151 2348 291 2412 conscius
314 2349 488 2413 maiestatis
512 2348 662 2412 adorauit.
700 2349 733 2412 in
756 2349 886 2432 psalmis
910 2365 1031 2431 qnoque
1055 2349 1198 2413 absolute
1221 2369 1290 2432 per-

151 2453 232 2516 sonis
249 2453 313 2516 suis
333 2452 438 2517 unitas
460 2453 654 2536 designatur:
678 2472 721 2516 ne
744 2453 905 2536 proicias
930 2471 998 2534 mo,
1022 2454 1131 2536 inquit,
1155 2471 1173 2516 a
1196 2453 1290 2517 facie

150 2559 211 2620 tua
238 2561 275 2622 et
303 2557 476 2640 spiritum
504 2560 675 2622 sanctum
704 2560 806 2621 tuum
834 2575 877 2622 ne
901 2557 1051 2622 auleras
1076 2575 1094 2621 a
1116 2576 1180 2622 me.
1220 2575 1289 2620 ecce

150 2660 300 2745 propheta
332 2662 412 2745 patri
446 2662 625 2744 supplicans
660 2680 722 2726 non
758 2662 860 2726 minus
896 2663 1021 2744 spiritus
1056 2663 1156 2726 sancti
1194 2679 1289 2744 quam
1316 2687 1342 2726 no

150 2767 246 2847 patris
277 2769 310 2830 et
339 2765 394 2830 filii
418 2767 596 2849 expauesoit
619 2765 781 2830 offensam.
821 2786 860 2831 ne
883 2767 1028 2850 prolalae,
1056 2767 1168 2848 inquit,
1199 2785 1249 2830 me
1272 2785 1291 2830 a

150 2869 226 2934 facie
255 2875 320 2934 tua.
359 2869 441 2934 filius
472 2871 552 2935 siout
579 2871 682 2954 imago
706 2871 812 2954 patris,
843 2872 887 2935 ita
910 2874 943 2935 et
964 2871 1060 2935 facies
1087 2870 1185 2953 patris
1209 2870 1290 2934 aeci-

149 2973 240 3056 pitur.
277 2979 308 3038 et
330 2974 397 3038 ideo
421 2975 568 3058 legimus:
600 2975 789 3058 Philippe,
821 2976 883 3058 qui
906 2975 1011 3039 uidet
1034 2995 1103 3056 me,
1127 2974 1231 3038 uidet
1254 2977 1290 3038 et

149 3081 303 3160 patrem,
336 3079 425 3143 item:
451 3097 519 3161 quo
542 3078 602 3143 ibo
626 3097 644 3143 a
667 3079 802 3162 spiritu
826 3083 888 3144 tuo
913 3083 948 3143 et
970 3098 1041 3162 quo
1064 3097 1082 3143 a
1105 3079 1200 3143 facie
1226 3082 1290 3142 tua

150 3182 312 3266 ingiam?
335 3184 472 3264 aduerte,
496 3183 600 3265 iulide,
623 3185 777 3266 perfectae
802 3185 1004 3250 confessionis
1027 3184 1211 3267 mysterium
1234 3185 1289 3248 tri·
1315 3211 1341 3250 ss

151 3286 265 3352 nitatis.
289 3288 441 3370 propheta
464 3289 503 3352 ad
525 3293 647 3370 patrem
670 3289 818 3371 loquitur,
842 3289 954 3354 faciem
978 3289 1076 3371 patris
1099 3287 1198 3352 filium
1218 3306 1289 3370 pro-

252 3459 281 3528 2]
301 3459 366 3514 oen.
382 3463 405 3524 1,
418 3461 459 3515 27.
532 3461 598 3516 Gan.
614 3463 636 3524 l,
649 3463 690 3517 28.
747 3461 790 3529 15]
810 3459 875 3516 Gen.
891 3463 967 3525 18,1.
1023 3460 1066 3529 18]
1080 3460 1178 3515 Psalm.
1192 3464 1234 3525 50,
1249 3463 1287 3516 13.

153 3545 196 3616 23]
215 3545 307 3601 Ioanu.
324 3549 364 3611 14,
376 3549 400 3602 9.
454 3547 499 3617 24]
518 3547 617 3602 Psalm.
633 3549 690 3612 138,
702 3551 725 3603 7.

193 3703 350 3759 aorcioP
401 3703 608 3760 ddiuiuitasl'
659 3704 844 3807 53misterium
858 3705 885 3760 P
935 3703 1066 3774 bonitatis
1083 3705 1114 3773 V,
1132 3705 1289 3762 trinitaliso

151 3815 291 3870 lallando
311 3817 339 3871 P
398 3819 488 3873 8nuu
507 3818 534 3873 P
594 3817 692 3887 plurali
714 3818 947 3886 Vffimareclt.)
1000 3821 1121 3874 9nono
1180 3821 1209 3874 11
1229 3819 1287 3888 plu-

151 3901 281 3959 ralitatem
305 3905 331 3958 V
380 3905 443 3972 qnia
460 3905 488 3958 P
550 3907 582 3961 12
601 3903 741 3974 faciamus]
760 3905 896 3959 hominem
914 3907 1013 3962 oddo
1078 3905 1124 3974 ad]
1144 3905 1287 3974 imaginem

151 3991 178 4045 ia
194 3991 358 4095 margariti.
373 3992 411 4046 P²
474 3995 505 4050 13
524 4007 586 4047 uero
605 4011 656 4050 om.
676 3992 703 4047 P
763 3993 825 4060 qnia
843 3993 871 4048 P
922 3993 960 4046 ait
977 4011 1028 4050 om.
1048 3993 1076 4047 P
1139 3996 1171 4048 14
1190 3993 1287 4047 diuini-

152 4105 222 4160 ceo
290 4103 432 4174 collegitur
453 4106 520 4173 V(i
537 4107 682 4173 maaart.)
750 4109 782 4162 16
800 4105 856 4160 eius
875 4125 925 4162 om.
950 4107 976 4160 V
1038 4109 1068 4162 17
1088 4107 1243 4175 magestatis
1262 4109 1289 4162 P

153 4191 252 4260 psalmo
272 4191 300 4246 P
358 4194 390 4248 18
404 4209 457 4262 pro
476 4193 530 4246 suis
548 4193 658 4249 uidetur
676 4192 789 4261 singulis
806 4193 974 4250 scabendum
1035 4197 1066 4250 lo
1084 4196 1112 4247 et
1129 4193 1286 4264 spiritum-

152 4279 272 4334 dilacio
295 4282 342 4333 tua
365 4281 468 4348 om.P‚
493 4279 614 4335 addPl
692 4283 724 4336 21
745 4279 805 4349 filii]
829 4281 851 4334 dr
874 4281 937 4335 odd.
955 4282 981 4336 V
1056 4283 1090 4337 23
1109 4297 1150 4335 me
1169 4281 1244 4334 uidet
1262 4281 1289 4335 P

151 4365 385 4437 uiditVrdropcr
404 4368 461 4422 loco
514 4369 548 4424 24
566 4367 643 4436 item]
662 4371 690 4420 et
707 4367 803 4421 ilerum
822 4369 850 4422 P
900 4369 933 4424 25
952 4369 979 4421 in
998 4367 1083 4423 iideo
1135 4371 1170 4424 26
1188 4368 1285 4437 filiurn]

150 4453 230 4519 patris
247 4454 310 4510 odd
326 4455 354 4509 P
