3244 5130
280 485 342 550 164
715 483 764 538 ΙΙΙ.
785 482 934 554 Epistula
953 486 976 538 i.

277 679 349 726 cum
381 660 509 724 minime
534 677 646 744 negare
669 661 836 742 possimus,
869 660 949 742 quod
973 659 1112 724 mandati
1134 659 1413 742 praeuaricatorem

276 766 309 829 iu
339 765 443 828 iudicii
473 765 520 828 sui
552 765 778 830 examinatione
806 765 978 829 damnabit.
1024 764 1075 846 qui
1098 764 1182 828 enim
1204 781 1267 828 uon
1289 767 1337 828 est
1359 762 1414 828 ob-

277 869 384 935 noxius
415 869 452 933 de
483 872 638 953 suscepto,
670 870 776 934 nescio
799 870 951 951 quomodo
975 888 1046 933 reus
1070 870 1171 952 possit
1193 887 1262 933 esse
1285 869 1322 934 dc
1344 887 1414 952 per-

276 975 348 1039 dito.
399 992 434 1038 ac
466 973 510 1038 sic
540 977 705 1057 peccantes
738 975 769 1038 in
800 974 907 1054 deum,
941 974 1028 1037 cuius
1058 975 1090 1037 iu
1121 973 1229 1056 priruis
1260 973 1413 1037 incautius

237 1077 470 1144 eadseruimus
500 1079 649 1162 gratiam,
682 1079 713 1142 in
744 1078 909 1162 postremis
939 1077 1005 1141 eius
1037 1077 1212 1142 uidebimur
1242 1077 1412 1161 inpugnare

276 1182 439 1246 iustitiam.

319 1286 421 1350 Huius
437 1291 542 1351 autem
559 1287 710 1370 epistulae
734 1286 891 1369 exemplar
915 1304 1039 1350 mecum
1061 1289 1186 1352 reteneo
1210 1286 1242 1350 in
1258 1288 1412 1351 conuentu

277 1395 455 1456 sauctorum
475 1392 669 1471 catamitum,
686 1391 711 1454 si
728 1393 771 1455 ita
787 1409 914 1455 necesse
930 1392 1032 1472 fuerit,
1055 1391 1284 1474 proferendum.
1319 1408 1413 1472 quam

277 1496 305 1558 si
339 1495 568 1578 suscipiendam
606 1496 764 1579 putauerit
796 1494 974 1560 fraternitas
1009 1500 1077 1576 tua,
1115 1499 1170 1560 aut
1203 1495 1412 1578 subscriptam

227 1627 251 1666 u
279 1617 374 1664 manu
403 1601 527 1683 propria
557 1617 628 1664 mox
658 1601 798 1664 remittat
828 1604 882 1664 aut
913 1599 1115 1683 sequentibus
1143 1601 1265 1683 scriptis
1288 1599 1413 1664 omuino

278 1723 312 1767 se
341 1704 524 1787 inprobasse
551 1705 747 1788 respondeat.
793 1705 901 1787 quodsi
931 1723 1000 1769 eam
1031 1704 1250 1788 subscriptam,
1279 1709 1314 1769 ut
1343 1704 1414 1785 dixi,

278 1811 491 1874 transmittere
514 1809 661 1890 uolueris,
686 1813 792 1893 aperte
816 1809 916 1873 adhuc
938 1813 969 1874 te
993 1811 1024 1873 in
1049 1827 1151 1874 errore
1167 1809 1332 1894 persistere
1347 1809 1415 1891 ipso

277 1913 400 1978 silentio
431 1913 636 1996 conprobabis
666 1931 702 1978 ac
731 1913 859 1997 proinde
889 1914 951 1978 iam
979 1914 1196 1979 necessitatem
1220 1913 1298 1977 mihi
1319 1913 1414 1977 iacies

277 2019 314 2082 ad
338 2037 505 2101 personam
531 2024 618 2083 tuam
642 2019 771 2102 publicis
795 2018 1000 2082 conuentibus
1024 2019 1245 2101 exponendam.
1269 2023 1324 2082 ·et
1345 2017 1414 2082 ideo

226 2147 250 2186 15
277 2123 449 2186 secuudum
480 2123 566 2204 haec,
598 2141 675 2204 quae
700 2141 718 2186 a
741 2141 791 2186 me
822 2126 896 2187 sunt
923 2123 1048 2204 directa,
1072 2122 1217 2204 rescribe,
1249 2126 1353 2188 utrum
1376 2141 1415 2186 aa

277 2228 405 2292 remotis
432 2225 665 2290 circuitionibus
689 2231 743 2290 aut
766 2245 916 2310 agnoscas
940 2231 994 2292 aut
1016 2245 1153 2310 respuas.

321 2329 496 2413 [Auxanius
520 2330 552 2394 in
576 2329 691 2396 Christi
715 2331 841 2395 nomine
865 2332 1027 2414 episcopus
1055 2331 1152 2414 relegi
1176 2335 1207 2395 at

320 2435 454 2500 Faustus
479 2435 637 2518 exemplar
659 2435 809 2517 epistulae
833 2453 921 2500 meae
944 2436 1040 2519 relegi
1064 2439 1095 2498 et

320 2539 437 2604 Paulus
461 2538 681 2622 episcopusin
706 2537 821 2602 Christi
844 2539 970 2604 nornine
993 2539 1090 2621 relegi
1114 2541 1145 2601 et

223 2669 249 2709 ao
318 2643 486 2728 Eutropius
510 2643 690 2707 innomine
716 2641 831 2706 Christi
855 2644 1017 2727 episeopus

317 2748 516 2832 Pragmatius
538 2748 569 2810 iu
595 2745 711 2812 Christi
735 2747 824 2831 signo
848 2747 1010 2831 episcopus

317 2852 444 2916 Patiens
467 2853 498 2916 iu
522 2850 645 2916 Christo
669 2851 831 2934 episcopus

317 2955 483 3020 Eutropius
506 2955 603 3039 relegi
627 2959 659 3020 et
682 2955 853 3020 admiratus
877 2973 946 3018 sum
970 2955 1194 3038 plenitudinem
1219 2959 1360 3020 sanctam

317 3059 495 3142 Megethius
519 3060 681 3142 episcopus
704 3059 800 3143 relegi
824 3064 855 3123 et

317 3162 464 3228 Claudius
488 3164 518 3228 in
542 3165 666 3228 nomine
691 3163 806 3228 Christi
829 3164 991 3247 episcopus
1015 3165 1110 3248 reieffl‘
1134 3169 1164 3230 et

319 3267 493 3332 Leucadius
516 3269 547 3332 iu
572 3269 696 3332 nomine
721 3267 837 3333 Christi
861 3269 1022 3351 episcopus
1045 3270 1142 3353 relegi
1165 3274 1197 3334 et

317 3476 334 3531 2
357 3440 566 3530 examinati0''1²
586 3475 630 3543 (ue
653 3492 724 3531 maa.
741 3476 801 3544 ait.)
871 3477 888 3532 3
911 3491 970 3530 rous
993 3492 1043 3532 our.
1061 3476 1095 3531 H
1162 3475 1194 3529 de
1216 3493 1350 3546 suprascr.
1370 3476 1412 3530 1²²

275 3578 330 3615 csse
352 3561 437 3632 possit
459 3562 600 3618 Burouius
670 3564 686 3616 4
709 3561 731 3615 si
757 3563 779 3618 S
846 3561 979 3616 incautius
1002 3581 1051 3618 om.
1075 3581 1091 3618 a
1166 3567 1181 3618 5
1204 3563 1362 3617 asseruimus
1385 3563 1414 3616 P

274 3649 453 3718 postrimisS
505 3647 694 3704 uidiuimurS
744 3649 955 3718 retenemus
1004 3649 1210 3720 9subscriptam
1223 3669 1246 3718 u,
1263 3648 1412 3719 subscripta

275 3737 307 3803 P,
327 3735 508 3805 susscriptaS
560 3738 591 3791 ll
611 3735 632 3788 si
651 3735 740 3791 ouaS
791 3738 823 3790 12
842 3735 1023 3790 remittereH
1074 3737 1106 3792 14
1123 3735 1285 3806 publicesS
1336 3741 1412 3793 lant

275 3823 330 3878 Hs
338 3823 492 3880 Knmcbius
547 3825 579 3878 16
597 3821 714 3891 τοιῃοξζῐίε
734 3822 841 3890 S(orct
859 3839 872 3875 r
889 3825 920 3877 ic
937 3825 1004 3890 aas.)
1052 3831 1117 3894 post
1133 3839 1241 3893 respuas
1254 3825 1412 3894 perusus-cis

272 3909 431 3964 trucissimus
453 3911 535 3964 uerba
556 3910 588 3964 iu
609 3910 637 3962 P
652 3911 709 3970 solo
727 3915 842 3978 autaut,
865 3911 896 3963 ia
919 3911 942 3966 S
962 3927 1027 3966 uoce
1048 3926 1156 3980 respuas
1177 3928 1239 3982 pap.
1253 3915 1287 3964 48
1306 3912 1410 3980 fiaiucr,

272 4012 339 4066 pasce
360 4003 508 4066 seponantur
526 4013 590 4066 pap.
610 4000 644 4048 49
666 3997 859 4065 (frapmcutum
878 3999 988 4067 prolopi
1011 3997 1233 4064 Raudour'ru'uui)
1256 4015 1315 4053 arm
1337 4003 1411 4052 aute-

271 4083 423 4138 cedeutihus
443 4101 499 4140 acu
526 4085 678 4150 actaeona
704 4083 751 4136 seri
769 4099 834 4153 pap.
852 4087 905 4137 328
923 4089 986 4153 post
1008 4085 1152 4153 epistulam
1174 4085 1275 4141 Felicis
1297 4085 1335 4139 ud
1355 4085 1410 4138 Dc-

271 4169 401 4224 sr'dm'um
423 4171 577 4238 episcopum
603 4169 797 4224 Cadmceasem
824 4169 870 4238 (cs.
898 4169 1034 4238 Cauisius,
1057 4171 1112 4225 tect.
1134 4177 1189 4225 urat.
1211 4171 1242 4239 V,
1259 4173 1321 4237 551)
1346 4173 1412 4226 baec

271 4262 390 4318 exstuat:
412 4256 475 4309 item
499 4255 551 4309 alia
574 4272 654 4309 manu
678 4255 781 4309 faustus
806 4257 898 4326 exemp
917 4256 1031 4328 epistula²
1051 4273 1123 4310 meae
1145 4257 1222 4325 religi
1240 4257 1262 4310 dr
1280 4256 1411 4325 subscrip,

271 4359 339 4412 qaae
360 4344 397 4397 ud
418 4344 561 4412 epistulam
581 4344 681 4397 Fausti
699 4343 778 4398 modo
800 4361 818 4396 o
835 4345 914 4398 uobis
931 4346 1088 4399 recensitum
1103 4346 1249 4413 pertineat,
1271 4361 1332 4400 cam
1354 4346 1411 4414 epi-

271 4431 344 4484 stula
360 4429 462 4486 aaut
479 4432 670 4498 adaequatum
686 4429 778 4483 mdccc
795 4432 877 4485 acrba
894 4433 974 4485 habet
992 4433 1031 4499 Η,
1049 4449 1099 4487 om.
1113 4432 1140 4486 P
1191 4433 1224 4486 24
1243 4431 1367 4500 megitins
1385 4432 1414 4486 P
