3290 5152
296 501 362 566 430
800 501 927 556 Ruricii

298 679 446 759 cilicium,
477 679 551 742 dum
582 695 644 742 non
676 678 778 742 solum
809 677 973 757 custodire,
1002 694 1112 740 uerum
1142 677 1238 741 etiam
1265 695 1379 760 augere
1404 677 1438 741 in

296 780 375 866 (me)
397 784 493 846 istum
524 781 585 846 ribi
611 783 707 865 gestit
735 781 891 861 affectum,
923 799 1015 863 quem
1039 781 1151 846 idcirco
1173 779 1333 845 beneficiis
1356 781 1440 846 cuti·

298 887 428 970 cipando
450 885 608 966 laetificat,
639 886 713 968 quia
735 887 774 950 ad
804 885 962 950 modicum
989 885 1175 950 contristare
1203 885 1360 950 formidat.
1407 890 1440 949 et

297 991 365 1054 ideo
398 991 519 1055 mauult
549 989 658 1054 offerre
686 991 802 1054 tacenti
824 989 969 1074 gratiam,
1000 1007 1093 1071 quam
1116 993 1274 1071 praestare
1297 991 1440 1072 poscenti

258 1097 400 1160 ssciens
430 1095 538 1178 procul
568 1094 661 1158 dubio
691 1095 762 1177 plus
792 1093 824 1157 in
852 1111 979 1158 ecesse
1008 1094 1121 1174 meriti,
1152 1094 1234 1176 quod
1263 1099 1440 1178 spontanea

297 1199 488 1283 benignitate
509 1198 656 1278 defertur,
680 1215 775 1280 qnam
796 1198 879 1280 quod
893 1196 1038 1280 precibus
1057 1198 1259 1282 intellegitur,
1283 1198 1440 1280 siquidem

297 1303 409 1369 horum
439 1321 537 1367 unum
567 1321 629 1366 non
660 1302 720 1366 nisi
750 1303 938 1366 necessitate
969 1301 1060 1366 datur
1090 1301 1322 1383 necessitudini,
1352 1302 1439 1367 aliud

297 1427 371 1474 uero
394 1427 487 1491 saepe
511 1407 608 1472 etiam
622 1407 790 1489 precatoris
806 1406 932 1470 sedulae
948 1405 1113 1470 dimittitur
1128 1406 1320 1491 inprobitati.
1354 1407 1440 1470 unde

297 1514 383 1577 salue
406 1513 598 1595 reciprocum
621 1511 727 1574 dicens
750 1511 788 1574 de
809 1511 934 1594 pietatis
950 1513 1074 1574 uestrae
1090 1511 1294 1593 promissione
1309 1529 1439 1574 securus

247 1641 270 1679 ιο
297 1617 435 1700 puellam
458 1619 595 1680 uestram
619 1615 650 1679 iu
673 1633 740 1679 rem
764 1615 889 1680 ducetis
912 1615 1017 1697 pueris
1041 1615 1154 1679 uostris
1170 1633 1220 1678 me
1236 1615 1439 1698 consignasse

297 1719 448 1803 significo,
479 1721 528 1784 cui
558 1717 678 1784 confido
709 1719 790 1801 quod
820 1719 906 1783 iuxta
932 1717 1188 1800 pollicitationem
1212 1723 1351 1783 uestram
1375 1737 1438 1783 non

297 1826 399 1889 solum
429 1824 569 1904 ueniam,
604 1822 657 1887 sed
690 1823 784 1887 etiarn
817 1823 950 1907 gratiam
984 1839 1039 1906 pro
1074 1826 1182 1887 nostra
1215 1823 1439 1888 intercessione

297 1927 454 1994 tribuatis.

760 2047 968 2114 XXXXVIII.

247 2195 270 2234 ¹⁵
366 2209 511 2252 anulonis
535 2209 704 2252 aristionis
727 2208 848 2252 nouitio
871 2209 1061 2252 Ununuanlul
1084 2209 1200 2250 aarum
1223 2209 1364 2252 roncum.

340 2345 477 2428 Magnus
509 2344 684 2408 communis
718 2347 897 2426 susceptus,
933 2344 1014 2426 quod
1044 2344 1219 2408 uoluntario
1249 2344 1351 2408 lacere
1385 2345 1439 2408 de-

217 2457 219 2464 ’
298 2449 417 2530 buerat,
448 2448 523 2513 fecit
552 2467 634 2512 nuno
662 2448 849 2512 necessitate
873 2448 1050 2531 conpulsus,
1082 2450 1117 2510 ut
1139 2447 1178 2511 ad
1201 2449 1438 2513 uenerationem

297 2557 385 2618 tuam
408 2552 685 2618 commendaticias
708 2551 864 2636 flagitaret
886 2555 918 2616 et
940 2571 973 2616 se
996 2551 1115 2636 gradae
1130 2555 1213 2632 tuae,
1237 2553 1295 2616 etsi
1310 2559 1439 2636 propter

297 2657 528 2741 neglegentiam
560 2675 650 2721 suam
681 2657 717 2720 de
741 2656 908 2740 praeterito
931 2656 1083 2740 ingratus,
1114 2674 1170 2738 per
1192 2656 1438 2721 insinuationem

241 2783 268 2822 so
294 2765 434 2825 nostram
468 2779 553 2824 nuno
584 2764 690 2824 tamen
721 2759 943 2844 gradfioandus
970 2760 1136 2844 ingereret.
1181 2761 1268 2824 cuius
1295 2761 1437 2842 petitioni

293 2865 362 2929 ideo
385 2865 560 2948 promptius
584 2863 737 2946 adquieui,
762 2863 833 2946 quia
856 2863 980 2944 credidi,
1004 2863 1086 2928 sicut
1108 2868 1140 2927 et
1154 2862 1285 2943 conlido,
1309 2882 1367 2928 nos
1383 2883 1438 2946 pe·

294 2969 396 3033 titioni
421 2987 507 3032 meae
530 2967 664 3032 libenter
686 2985 832 3033 annuere.
868 2967 949 3032 unde
973 2967 1160 3032 salutatione
1182 2967 1317 3050 depensa
1334 2986 1435 3053 spero,

294 3077 329 3137 ut
358 3073 461 3156 ipsum
492 3090 546 3156 pro
576 3071 798 3136 intercessione
829 3075 936 3136 nostra
965 3071 1100 3155 recipere
1123 3071 1203 3136 tanti
1225 3071 1370 3136 habeatis
1393 3076 1435 3152 et,

294 3177 457 3260 quiahoc,
486 3175 566 3258 quod
590 3175 706 3256 debuit,
734 3175 877 3256 reddidit,
900 3193 1012 3240 usuras
1035 3175 1080 3240 illi
1103 3175 1271 3240 solidorum
1295 3177 1435 3260 ipsorum

242 3305 267 3344 u,
295 3298 358 3346 non
381 3284 505 3346 tantum
528 3299 583 3364 pro
610 3279 753 3363 precibus
781 3279 907 3361 nostrie,
938 3283 1090 3362 quantum
1117 3297 1172 3362 pro
1202 3279 1318 3344 diuinis
1346 3298 1436 3364 prae-

294 3385 392 3469 ceptis
423 3385 538 3448 donare
569 3384 716 3468 digneris
762 3384 844 3467 quod
872 3401 928 3468 pro
959 3384 1194 3449 conuersatione
1224 3387 1341 3464 uestra,
1373 3403 1436 3466 qua

294 3505 349 3552 uos
381 3489 437 3553 deo
469 3489 599 3573 propitio
627 3508 682 3572 per
705 3489 770 3553 dies
794 3489 934 3572 singulos
958 3487 1049 3553 audio
1072 3487 1230 3570 proficere,
1254 3488 1321 3552 sinc
1345 3487 1435 3553 dnbi-

293 3593 411 3658 tatione
434 3593 608 3676 praestetis,
637 3593 710 3674 quia
732 3593 791 3676 ipsi
815 3594 924 3674 nostis,
955 3593 1038 3675 quod
1066 3591 1119 3656 ille
1142 3610 1274 3676 regnum
1298 3592 1349 3656 dei
1370 3593 1435 3657 lue·

292 3697 365 3762 titia
387 3701 419 3762 et
440 3696 649 3781 gratulatione
672 3697 823 3782 percipiet
846 3701 877 3762 et
896 3698 927 3762 in
948 3701 1088 3763 montem
1108 3697 1225 3762 domini
1241 3695 1433 3780 glorificatus

396 3817 442 3886 29]
460 3815 557 3871 Matth.
570 3819 595 3884 5,
610 3819 632 3872 1.

338 3923 350 3976 1
370 3919 488 3975 offitium
507 3921 530 3978 S
599 3921 627 3974 iu
646 3937 688 3974 me
708 3921 791 3975 istum
810 3921 993 3990 Luctp'otaan,
1016 3921 1044 3974 iu
1062 3921 1107 3987 (cu
1124 3919 1164 3988 id)
1182 3921 1264 3975 istum
1283 3921 1313 3989 S,
1336 3921 1433 3976 initum

292 4009 476 4064 mammenus
533 4007 651 4077 tgessit
667 4009 711 4062 oct
729 4007 874 4077 ingessito
931 4005 1152 4064 SiorrnidatcS
1208 4008 1351 4063 dessein
1370 4025 1400 4061 eo
1416 4027 1434 4064 r

293 4096 309 4149 6
326 4093 464 4163 praecibus
485 4095 508 4151 S
575 4093 753 4164 intellegitur]
776 4092 932 4162 indulgetur
950 4095 1030 4149 oKr.
1101 4096 1116 4148 7
1141 4093 1345 4148 necessitudinis
1364 4097 1432 4151 coni.

292 4179 466 4249 Laretjotona
532 4183 565 4236 lo
582 4196 625 4234 me
644 4199 723 4236 omo
786 4183 816 4236 ll
836 4179 1076 4250 pollitucionemS
1137 4183 1169 4236 15
1187 4180 1327 4250 episcopus
1347 4199 1398 4237 om.
1416 4200 1434 4236 r

294 4269 325 4322 16
345 4281 457 4335 magnus
477 4267 612 4323 &litteris
631 4267 708 4322 MAG
727 4267 861 4337 impletas,
880 4283 975 4320 manus
993 4269 1036 4321 uel
1049 4267 1178 4322 amicuso
1229 4265 1434 4324 uoluntariaeS

294 4355 326 4409 18
338 4353 585 4410 commendativus
638 4357 670 4409 19
689 4352 894 4422 negligentias
945 4353 1149 4421 coingereres
1198 4354 1230 4408 21
1244 4353 1434 4423 prumptiueS

292 4438 702 4510 mfflfflsmmv
