3222 5144
314 474 378 539 254
763 473 827 528 ΠΗ.
846 473 956 528 Sermo
973 476 998 530 8.

315 649 444 714 semites
467 649 550 713 uitae
573 647 729 732 perfectae
752 649 843 714 atella
865 650 1012 714 iustitiae.
1049 649 1085 729 ei,
1109 649 1163 731 qui
1184 648 1275 713 dixit:
1300 665 1371 712 uon
1394 665 1450 730 ap·

313 752 465 836 parebis
488 753 524 817 in
549 757 753 836 conspectu
777 771 854 818 meo
878 753 1016 833 inanis,
1047 751 1214 818 offeramus
1238 769 1347 816 aurum
1371 751 1450 829 fidei,

315 858 441 941 pietatis
478 862 633 938 aromata,
671 858 826 923 castitatis
861 858 1052 923 holocausta.
1107 856 1279 940 spiritalem
1316 873 1451 940 myrram

316 963 489 1027 habeamus
505 963 536 1028 in
553 962 653 1044 nobie,
669 981 749 1046 quae
765 963 811 1027 ita
826 963 947 1027 animos
963 965 1086 1027 nostras
1102 961 1236 1042 condiat,
1260 965 1295 1025 ut
1317 961 1449 1025 inlaesas

273 1094 285 1134 n
312 1085 331 1132 a
359 1067 479 1151 peccati
503 1069 698 1151 corruptione
726 1067 889 1132 custodiat.
935 1070 1094 1132 mummue
1122 1067 1218 1146 ιιιιιιιι,
1242 1065 1268 1130 si
1289 1064 1449 1149 peruenire

317 1177 463 1255 optamus
479 1173 516 1236 ad
538 1173 681 1256 patriam,
699 1174 804 1255 utique
822 1173 859 1236 ad
876 1173 1010 1256 patriam
1025 1173 1203 1236 caelestem.
1241 1171 1300 1234 hoc
1316 1171 1357 1234 sit
1372 1169 1450 1233 inter

314 1281 482 1359 utrumque
503 1277 735 1357 commercium,
758 1282 794 1342 ιιι
817 1277 900 1341 illius
923 1275 1013 1342 uobis
1035 1277 1257 1360 proprietatem
1281 1293 1340 1338 usu
1363 1273 1450 1338 istius

313 1398 529 1464 conparemuS,
553 1385 597 1462 ut,
622 1381 703 1445 sicut
725 1382 791 1445 uita
814 1385 943 1446 aeterua
964 1382 1047 1446 uitae
1070 1380 1163 1445 istius
1185 1379 1361 1463 praemium
1385 1378 1451 1456 erit,

313 1485 357 1548 ita
379 1483 567 1566 laboremne,
594 1489 631 1550 ut
657 1485 740 1550 illius
767 1487 829 1550 ista
851 1486 891 1550 sit
918 1486 1075 1550 meritum.
1121 1484 1198 1548 illud
1228 1487 1344 1562 autem,
1372 1481 1451 1564 quod

262 1617 286 1654 ιιι
312 1589 357 1653 ait
380 1589 583 1673 euangelista,
610 1607 718 1673 magos
743 1589 919 1654 admonitos
943 1609 1011 1654 esee
1038 1588 1223 1668 insomnis,
1251 1605 1290 1651 ue
1316 1587 1452 1652 redirent

313 1693 352 1757 ad
379 1693 548 1774 Herodem,
576 1693 631 1757 sed
657 1713 712 1776 per
740 1694 833 1758 aliam
860 1694 946 1758 uiam
974 1695 1013 1759 ad
1041 1693 1201 1777 regionem
1224 1692 1382 1776 propriam
1404 1709 1451 1754 re·

312 1800 463 1878 mearent,
491 1797 550 1861 hoc
574 1815 647 1882 orgo
672 1797 761 1862 uobis
784 1798 966 1881 spiritaliter
992 1796 1191 1881 praecipitur,
1218 1801 1255 1860 ut
1280 1814 1336 1880 per
1360 1795 1450 1860 aliam

311 1901 407 1982 uiam,
430 1901 525 1966 idest
546 1901 711 1984 paraliam
735 1902 1006 1967 conuersationem
1028 1904 1224 1966 reuertamur
1247 1900 1285 1964 ud
1307 1901 1449 1983 patriam.

355 2005 448 2070 Forte
480 2005 591 2086 aliquis
622 2005 762 2088 requirit,
792 2005 947 2088 quomodo
982 2006 1014 2070 id
1048 2005 1116 2070 lieri
1150 2004 1259 2087 possit.
1305 2004 1359 2086 qui
1393 2003 1448 2066 hoc

262 2139 286 2178 rs
313 2110 392 2174 scire
415 2109 581 2190 desiderat,
606 2110 713 2174 audiat
735 2111 919 2193 prophetam
942 2111 1112 2175 dicentem:
1140 2110 1292 2173 deuerte
1315 2125 1333 2171 a
1356 2107 1450 2172 malo

313 2218 348 2278 ει
370 2214 428 2278 fac
450 2213 602 2294 bonum,
625 2214 772 2296 inquire
795 2233 922 2297 pacem
946 2219 982 2279 et
1004 2231 1160 2296 sequere
1181 2231 1269 2278 cam.
1293 2212 1450 2278 hooenim

312 2318 418 2382 ordine
451 2337 506 2400 ρει
536 2319 630 2382 aliam
661 2319 747 2382 uiam
776 2319 893 2382 reditur
924 2319 962 2383 ad
997 2319 1141 2401 patriam.
1191 2335 1265 2382 nam
1295 2317 1368 2398 quia
1396 2334 1450 2397 per

312 2421 491 2506 superbiam
514 2423 681 2488 cecidimus
705 2424 735 2487 iu
760 2423 922 2506 muudum,
951 2427 1083 2506 oportet,
1106 2427 1142 2487 ut
1163 2441 1219 2505 per
1241 2420 1450 2486 humilitatem

311 2527 476 2592 redeamus
500 2527 538 2592 ad
561 2527 750 2610 paradisum.
786 2547 842 2611 per
864 2527 1066 2612 cupiditatem
1090 2527 1128 2592 ad
1152 2525 1316 2590 seruitium
1339 2523 1451 2590 diaboli

260 2661 286 2700 ro
313 2633 466 2712 uenimus
497 2651 552 2714 per
575 2633 821 2697 misericordiam
844 2633 883 2696 ad
906 2631 1066 2698 Christum
1088 2631 1249 2695 dominum
1276 2629 1448 2694 redeamus.

312 2755 367 2820 per
382 2737 578 2819 uoluptatem
593 2739 685 2818 atque
707 2737 860 2800 luxuriam
877 2735 1079 2800 durissimum
1102 2735 1211 2818 iugum
1226 2733 1342 2798 diaboli
1357 2731 1449 2797 susti·

312 2839 449 2920 unimus,
472 2859 527 2922 per
547 2840 711 2905 caritatem
735 2843 828 2922 atque
851 2839 1005 2904 iustitiam
1027 2839 1097 2904 leue
1121 2839 1230 2922 iugum
1245 2836 1361 2904 Christi
1383 2855 1448 2900 sue·

312 2946 414 3028 cipere
438 2945 634 3026 festinemus,
659 2949 704 3026 nt,
728 2946 781 3028 qni
804 2965 859 3028 per
879 2945 947 3010 uias
970 2943 1162 3009 infidelitatis
1178 2944 1271 3026 atque
1296 2942 1447 3024 nequitiae

313 3048 434 3114 diabolo
466 3049 630 3114 infeliciter
656 3050 829 3114 seruientes
858 3049 897 3113 ab
925 3049 1107 3133 augelorum
1135 3048 1282 3112 societate
1309 3044 1447 3111 discessi·

260 3181 286 3221 ιι
312 3171 394 3234 mue,
416 3171 471 3236 per
494 3153 562 3217 niae
585 3153 735 3218 bonitatis
756 3171 792 3218 ao
814 3153 885 3218 fidei
908 3153 1008 3218 redire
1031 3152 1070 3216 ad
1092 3152 1226 3234 patriam
1248 3150 1447 3234 principalem

312 3257 504 3322 studeamus.

355 3360 386 3426 Si
408 3361 466 3426 hoc
481 3361 586 3425 ordine
603 3361 668 3426 uias
690 3361 865 3427 mortiferae
888 3361 1099 3445 relinquentes
1122 3361 1191 3425 uiae
1207 3361 1290 3425 uitae
1306 3363 1447 3424 aeternae

311 3471 417 3531 tenere
441 3465 642 3546 uoluerimus,
666 3465 703 3530 de
727 3466 853 3530 sinistra
874 3465 1019 3531 translati
1043 3465 1081 3530 ad
1105 3465 1263 3530 dexteram
1286 3481 1448 3549 magorum

416 3641 442 3710 1]
462 3639 599 3705 Erotos,
613 3641 645 3695 15
663 3637 696 3694 al.
752 3639 796 3708 15]
815 3639 915 3694 Pealm.
927 3641 970 3704 33,
985 3643 1024 3696 15.

356 3813 521 3884 rpoream
541 3815 611 3882 rrae,
630 3812 749 3882 perlecta
766 3815 876 3886 neap.
947 3771 1083 3871 enain
1143 3813 1286 3869 aessens
1304 3813 1335 3868 o
1386 3811 1448 3866 mn-

311 3917 368 3955 ram
382 3904 411 3957 D
462 3901 610 3970 liulallsaas
623 3903 652 3956 D
705 3901 903 3957 5custotiatD
955 3904 1086 3955 maternus
1099 3903 1128 3956 D
1179 3903 1271 3955 iussu
1285 3901 1314 3955 D
1360 3903 1449 3957 8con·

310 4004 449 4057 pareamus
468 3989 497 4042 D
557 3991 648 4042 eterna
665 3988 720 4042 uite
739 3990 768 4044 D
829 3988 903 4044 eila
919 4005 1055 4058 eapruacr.
1075 3990 1104 4043 D
1165 3988 1203 4042 ita
1221 3989 1251 4043 D
1311 3983 1448 4054 meritum]

310 4075 426 4144 pretium
438 4077 501 4130 Mai
542 4079 574 4131 10
586 4075 810 4144 euuangelistaD
852 4078 881 4130 ll
895 4074 1023 4146 herodem
1036 4075 1126 4146 Dare
1139 4077 1171 4130 e'a
1182 4077 1248 4142 rao.)
1289 4077 1321 4130 15
1334 4075 1408 4144 scillre
1421 4074 1449 4128 D

312 4163 345 4217 16
363 4160 430 4230 {leam
443 4163 473 4216 D
489 4163 528 4226 (m
547 4164 626 4228 erce)
681 4165 712 4217 17
725 4159 888 4216 redditurD
943 4165 974 4218 18
987 4161 1125 4216 cicidimus
1138 4163 1168 4216 D
1219 4159 1448 4232 llhuruilitutemD

313 4249 344 4304 19
363 4247 564 4302 reddeamusD
616 4247 760 4304 diabuliD
812 4251 846 4304 20
864 4248 998 4302 rediemus
1016 4250 1046 4303 D
1098 4251 1129 4305 21
1149 4247 1315 4302 uoluntatem
1328 4249 1358 4302 D
1409 4245 1448 4299 lu·

311 4335 385 4390 xoriir‘
402 4336 432 4390 D
501 4333 602 4388 diabuli
621 4337 651 4390 D
720 4337 752 4391 22
775 4335 862 4404 adque
880 4338 910 4391 D
978 4339 1013 4392 23
1031 4336 1162 4405 nequitiae
1180 4337 1210 4392 D
1226 4335 1318 4404 (nequi
1335 4337 1367 4390 ιιι
1383 4339 1449 4400 rue.)

310 4425 344 4480 24
363 4422 471 4477 diabulo
490 4423 520 4476 D
571 4424 605 4478 25
622 4422 711 4490 petria
730 4423 759 4476 D
811 4422 1012 4477 aestuaremus
1031 4419 1060 4478 D
1112 4425 1145 4479 28
1164 4423 1277 4476 derdere
1295 4423 1324 4478 D
