3264 5134
273 478 315 541 96
679 478 699 532 Ι.
719 477 762 532 De
781 478 891 546 gratia
908 477 936 532 II
957 481 995 534 12.

273 659 344 718 tura
374 655 411 718 do
441 655 588 718 creatoris
620 673 711 738 opere
741 655 909 738 disputare.
955 655 1112 738 potentiae
1142 655 1247 736 itaque
1277 653 1345 735 fuit,
1375 656 1409 717 ut

273 759 470 824 inmortalem
494 779 530 824 ex
545 759 640 824 nihilo
654 759 814 824 hominem
830 759 986 840 conderet,
1009 759 1191 844 sapientiae,
1214 763 1249 822 ut
1263 775 1409 840 oapeeem

271 863 400 928 rationis
435 863 581 944 efficeret,
615 863 773 944 bonitatis
808 867 844 928 nt
874 864 913 927 ad
942 862 1170 928 beatitudinem
1199 865 1409 947 praepararet,

273 967 422 1048 iustitiae,
445 972 563 1033 utnon
587 971 660 1032 ante
683 968 811 1053 eligeret
833 985 928 1051 quam
951 966 1105 1052 probaret.

236 1097 248 1136 s
318 1071 377 1138 Sed
406 1074 486 1137 inter
516 1073 593 1136 liaeo
624 1072 735 1154 aliquis
766 1072 906 1155 persist't
936 1075 967 1135 et
989 1071 1077 1136 dioit:
1108 1071 1134 1136 si
1157 1075 1280 1136 eoustat
1300 1088 1408 1154 peses-

271 1179 353 1240 tores
383 1177 414 1240 in
445 1177 498 1240 illo
529 1177 652 1241 seeeulo
676 1176 836 1260 suppliciis
860 1175 1046 1242 addicendos
1070 1179 1102 1240 et
1124 1176 1259 1240 oeternis
1282 1174 1407 1259 ignibus

273 1281 505 1362 mancipandos
530 1281 573 1344 sio
595 1280 662 1344 fieri
683 1281 776 1345 homo
800 1280 916 1361 debuit,
940 1283 977 1344 ut
998 1280 1025 1344 is
1048 1280 1173 1344 omnino
1196 1296 1324 1362 peooare
1345 1295 1406 1342 non

271 1385 377 1467 possit.
424 1385 500 1467 qnid
522 1385 705 1468 praecurris,
735 1384 880 1466 oduino,
912 1385 1045 1448 auotons
1068 1385 1113 1448 tui
1140 1383 1407 1468 dispensationes?

271 1489 345 1570 quid
368 1485 490 1571 quaeris
510 1508 577 1552 rem
593 1489 826 1553 inmortalitatis
841 1489 874 1552 in
889 1490 1014 1573 regione
1031 1489 1161 1553 mortis?
1196 1487 1270 1570 quid
1285 1487 1407 1569 quaene

222 1617 245 1657 ιο
272 1593 304 1656 in
335 1593 457 1673 militia,
488 1593 569 1675 quod
598 1597 723 1676 paratur
753 1594 784 1657 in
815 1593 949 1677 glorial·
981 1591 1055 1674 quid
1078 1595 1150 1657 ante
1173 1591 1338 1656 emeritum
1360 1591 1407 1654 la-

271 1697 378 1761 borem
407 1698 519 1781 poseiS,
550 1715 629 1780 quae
645 1700 843 1788 ,praeparata
873 1701 946 1761 sunt
975 1699 1046 1778 post
1075 1695 1236 1760 laborem?
1285 1695 1407 1759 dabitur

271 1800 339 1882 hoe,
363 1801 417 1865 sed
440 1801 503 1865 iam
521 1802 553 1866 in
570 1805 733 1866 aeternum
749 1800 923 1881 iustificate,
947 1799 1127 1882 quandoid,
1151 1799 1231 1882 quod
1247 1799 1407 1864 oonlatnm

271 1905 375 1986 luerit,
405 1906 505 1988 perire
532 1923 594 1971 non
616 1906 724 1988 possit.
770 1904 894 1970 dabitur
916 1905 984 1985 hoe,
1015 1903 1070 1968 sed
1092 1904 1124 1968 in
1146 1907 1285 1988 tempore
1307 1901 1407 1967 beati-

271 2010 396 2090 tudinis
427 2009 480 2074 ubi
510 2009 573 2074 iam
602 2015 766 2092 peceatum
796 2027 853 2074 neo
876 2010 1001 2074 uincere
1024 2009 1066 2073 sit
1089 2025 1215 2072 neeesse
1238 2025 1294 2072 nee
1317 2009 1406 2088 seire,

221 2139 244 2179 ιι
272 2113 325 2177 ubi
355 2114 393 2177 ad
424 2114 616 2196 peeeandum
646 2133 708 2180 non
739 2115 900 2194 uoluntas
934 2131 997 2178 nou
1026 2112 1217 2196 possibilitas
1248 2111 1319 2191 erit,
1351 2110 1407 2175 ubi

272 2222 389 2298 saneto,
419 2219 549 2302 integre,
580 2219 639 2302 pie.
660 2219 766 2282 uiuere
789 2236 851 2283 non
876 2217 935 2282 erit
957 2217 1128 2302 diligentia,
1159 2234 1220 2281 non
1243 2215 1406 2295 industiia,

272 2323 325 2386 sed
356 2326 468 2387 natura
498 2323 697 2405 dispensante
728 2323 773 2387 ita
803 2323 907 2386 diuina
929 2321 1139 2386 misericordie
1161 2324 1254 2403 etque
1277 2320 1405 2399 iustitia,

270 2430 306 2491 ut
328 2428 380 2510 qui
402 2427 452 2491 hio
475 2427 628 2492 studuerit
650 2427 820 2511 integn'tati
843 2427 929 2492 nulle
950 2426 1013 2490 illie
1035 2426 1117 2490 ultre
1139 2425 1239 2508 possit
1252 2423 1323 2488 labe
1339 2441 1406 2487 eor-

269 2533 382 2616 rn'mpi.
438 2533 569 2617 dignum
600 2533 684 2596 enim
714 2551 783 2596 esse
812 2526 975 2612 iudicabit,
1000 2533 1045 2595 -ut
1074 2531 1167 2594 homo
1196 2545 1323 2613 peecare
1352 2528 1406 2610 qui

218 2664 244 2704 eo
271 2638 371 2701 noluit
400 2635 541 2702 infirmus
572 2655 634 2702 non
660 2637 760 2720 possit
782 2639 937 2716 aeternus
968 2635 1022 2699 sed
1045 2639 1081 2699 ut
1103 2633 1280 2699 labentibus
1303 2633 1334 2696 in
1357 2633 1406 2696 in-

271 2759 416 2806 mensum
448 2741 579 2806 saeculis
610 2741 677 2805 sine
705 2743 791 2806 metu
813 2740 973 2824 gaudium,
1004 2738 1071 2804 sine
1094 2738 1198 2804 inuido
1221 2737 1405 2822 praemium,

271 2845 336 2910 sine
359 2846 448 2910 hoste
471 2845 512 2910 sit
534 2864 675 2929 regnum.

316 3103 452 3174 litaquae
466 3105 493 3160 P
543 3061 802 3160 anihisdminemp
853 3105 1008 3173 8posseto
1062 3105 1093 3159 lo
1110 3101 1210 3156 milieia
1220 3101 1255 3170 P,
1274 3101 1404 3156 malitiae

269 3193 419 3261 paratura
472 3193 505 3247 14
532 3193 579 3244 nd‘e
606 3207 710 3245 neeesse
738 3192 766 3245 P
816 3207 864 3244 nee
890 3189 968 3259 seire]
993 3190 1092 3243 nescire
1115 3191 1143 3244 P
1194 3191 1226 3244 17
1254 3187 1354 3256 adquae
1377 3189 1406 3242 P

271 3282 303 3334 18
322 3277 385 3331 illue
404 3279 431 3332 P
483 3281 514 3333 19
533 3277 697 3332 iudicauito
748 3279 781 3333 22
801 3277 921 3346 regnum]
941 3275 1048 3346 explieit
1065 3277 1129 3331 add.
1148 3277 1176 3330 P
