<?xml version="1.0" encoding="UTF-8"?>
<!DOCTYPE html PUBLIC "-//W3C//DTD XHTML 1.0 Transitional//EN"
    "http://www.w3.org/TR/xhtml1/DTD/xhtml1-transitional.dtd">
<html xmlns="http://www.w3.org/1999/xhtml" xml:lang="en" lang="en">
 <head>
  <title>
</title>
<meta http-equiv="Content-Type" content="text/html;charset=utf-8" />
  <meta name='ocr-system' content='tesseract 3.04.00' />
  <meta name='ocr-capabilities' content='ocr_page ocr_carea ocr_par ocr_line ocrx_word'/>
</head>
<body>
  <div class='ocr_page' id='page_1' title='image "./praetersermones01fausgoog/praetersermones01fausgoog_0058.png"; bbox 0 0 3320 5140; ppageno 0'>
   <div class='ocr_carea' id='block_1_1' title="bbox 674 497 1363 568">
    <p class='ocr_par' dir='ltr' id='par_1_1' title="bbox 674 497 1363 568">
     <span class='ocr_line' id='line_1_1' title="bbox 674 497 1363 568; baseline 0.013 -16"><span class='ocrx_word' id='word_1_1' title='bbox 674 497 917 568; x_wconf 86' lang='lat' dir='ltr'>Prolegomena.</span> <span class='ocrx_word' id='word_1_2' title='bbox 1326 507 1363 561; x_wconf 86' lang='lat' dir='ltr'>LI</span> 
     </span>
    </p>
   </div>
   <div class='ocr_carea' id='block_1_2' title="bbox 113 669 1363 865">
    <p class='ocr_par' dir='ltr' id='par_1_2' title="bbox 113 669 1363 865">
     <span class='ocr_line' id='line_1_2' title="bbox 113 669 1363 764; baseline 0.016 -38"><span class='ocrx_word' id='word_1_3' title='bbox 113 691 117 698; x_wconf 92' lang='lat'><strong>·</strong></span> <span class='ocrx_word' id='word_1_4' title='bbox 229 675 324 752; x_wconf 75' lang='lat' dir='ltr'>agent</span> <span class='ocrx_word' id='word_1_5' title='bbox 347 669 494 734; x_wconf 80' lang='lat' dir='ltr'>exorauit.</span> <span class='ocrx_word' id='word_1_6' title='bbox 533 671 642 736; x_wconf 87' lang='lat' dir='ltr'>deinde</span> <span class='ocrx_word' id='word_1_7' title='bbox 665 673 748 738; x_wconf 91' lang='lat' dir='ltr'>haud</span> <span class='ocrx_word' id='word_1_8' title='bbox 770 677 876 757; x_wconf 79' lang='lat' dir='ltr'><strong>paucis</strong></span> <span class='ocrx_word' id='word_1_9' title='bbox 899 677 1110 743; x_wconf 82' lang='lat' dir='ltr'>loeis-eodiois</span> <span class='ocrx_word' id='word_1_10' title='bbox 1134 677 1154 744; x_wconf 87' lang='lat' dir='ltr'>S</span> <span class='ocrx_word' id='word_1_11' title='bbox 1178 682 1363 764; x_wconf 81' lang='lat' dir='ltr'><strong>scripturam</strong></span> 
     </span>
     <span class='ocr_line' id='line_1_3' title="bbox 230 771 1079 865; baseline 0.014 -31"><span class='ocrx_word' id='word_1_12' title='bbox 230 771 345 836; x_wconf 87' lang='lat' dir='ltr'>falsam</span> <span class='ocrx_word' id='word_1_13' title='bbox 368 791 436 837; x_wconf 89' lang='lat' dir='ltr'>esse</span> <span class='ocrx_word' id='word_1_14' title='bbox 459 777 545 839; x_wconf 89' lang='lat' dir='ltr'>ratus</span> <span class='ocrx_word' id='word_1_15' title='bbox 568 795 625 842; x_wconf 89' lang='lat' dir='ltr'>sua</span> <span class='ocrx_word' id='word_1_16' title='bbox 647 778 775 844; x_wconf 85' lang='lat' dir='ltr'>inuenta</span> <span class='ocrx_word' id='word_1_17' title='bbox 796 780 828 843; x_wconf 92' lang='lat' dir='ltr'>in</span> <span class='ocrx_word' id='word_1_18' title='bbox 852 784 938 846; x_wconf 82' lang='lat' dir='ltr'>textu</span> <span class='ocrx_word' id='word_1_19' title='bbox 961 784 1079 865; x_wconf 89' lang='lat' dir='ltr'>posuit:</span> 
     </span>
    </p>
   </div>
   <div class='ocr_carea' id='block_1_3' title="bbox 489 984 1095 1612">
    <p class='ocr_par' dir='ltr' id='par_1_3' title="bbox 489 984 1095 1612">
     <span class='ocr_line' id='line_1_4' title="bbox 656 984 1037 1056; baseline 0.003 -1"><span class='ocrx_word' id='word_1_20' title='bbox 656 984 675 1039; x_wconf 70' lang='lat' dir='ltr'>S</span> <span class='ocrx_word' id='word_1_21' title='bbox 1014 989 1037 1056; x_wconf 83' lang='lat' dir='ltr'><strong>Q</strong></span> 
     </span>
     <span class='ocr_line' id='line_1_5' title="bbox 491 1102 1028 1188; baseline 0.017 -22"><span class='ocrx_word' id='word_1_22' title='bbox 491 1102 561 1188; x_wconf 92' lang='grc'>184,</span> <span class='ocrx_word' id='word_1_23' title='bbox 577 1104 621 1169; x_wconf 93' lang='grc'>20</span> <span class='ocrx_word' id='word_1_24' title='bbox 642 1107 727 1172; x_wconf 79' lang='lat' dir='ltr'>buno</span> <span class='ocrx_word' id='word_1_25' title='bbox 952 1119 1028 1175; x_wconf 82' lang='lat' dir='ltr'>tanc</span> 
     </span>
     <span class='ocr_line' id='line_1_6' title="bbox 489 1207 1012 1295; baseline 0.019 -24"><span class='ocrx_word' id='word_1_26' title='bbox 489 1207 560 1292; x_wconf 86' lang='lat'>184,</span> <span class='ocrx_word' id='word_1_27' title='bbox 577 1209 619 1274; x_wconf 80' lang='lat'>23</span> <span class='ocrx_word' id='word_1_28' title='bbox 633 1211 718 1295; x_wconf 84' lang='lat' dir='ltr'>fides</span> <span class='ocrx_word' id='word_1_29' title='bbox 741 1223 770 1276; x_wconf 84' lang='lat' dir='ltr'>et</span> <span class='ocrx_word' id='word_1_30' title='bbox 951 1234 1012 1282; x_wconf 86' lang='lat' dir='ltr'>om.</span> 
     </span>
     <span class='ocr_line' id='line_1_7' title="bbox 491 1312 1080 1405; baseline 0.012 -28"><span class='ocrx_word' id='word_1_31' title='bbox 491 1312 561 1396; x_wconf 87' lang='grc'>186,</span> <span class='ocrx_word' id='word_1_32' title='bbox 599 1315 619 1379; x_wconf 87' lang='grc'><strong>3</strong></span> <span class='ocrx_word' id='word_1_33' title='bbox 634 1315 774 1402; x_wconf 82' lang='lat' dir='ltr'>faciunt</span> <span class='ocrx_word' id='word_1_34' title='bbox 944 1318 1080 1405; x_wconf 77' lang='lat' dir='ltr'>faciant</span> 
     </span>
     <span class='ocr_line' id='line_1_8' title="bbox 490 1417 1022 1519; baseline 0.013 -38"><span class='ocrx_word' id='word_1_35' title='bbox 490 1417 560 1502; x_wconf 87' lang='lat'>189,</span> <span class='ocrx_word' id='word_1_36' title='bbox 579 1419 619 1484; x_wconf 88' lang='grc'>16</span> <span class='ocrx_word' id='word_1_37' title='bbox 641 1421 728 1485; x_wconf 83' lang='lat' dir='ltr'>uode</span> <span class='ocrx_word' id='word_1_38' title='bbox 744 1443 810 1519; x_wconf 76' lang='lat' dir='ltr'>pro</span> <span class='ocrx_word' id='word_1_39' title='bbox 949 1423 1022 1488; x_wconf 79' lang='lat' dir='ltr'>ideo</span> 
     </span>
     <span class='ocr_line' id='line_1_9' title="bbox 490 1521 1095 1612; baseline 0.017 -27"><span class='ocrx_word' id='word_1_40' title='bbox 490 1521 561 1605; x_wconf 87' lang='lat'>194,</span> <span class='ocrx_word' id='word_1_41' title='bbox 599 1524 801 1612; x_wconf 68' lang='lat' dir='ltr'>stampato</span> <span class='ocrx_word' id='word_1_42' title='bbox 950 1550 1015 1592; x_wconf 80' lang='lat' dir='ltr'>aaa</span> <span class='ocrx_word' id='word_1_43' title='bbox 1038 1534 1095 1595; x_wconf 86' lang='lat' dir='ltr'>eto.</span> 
     </span>
    </p>
   </div>
   <div class='ocr_carea' id='block_1_4' title="bbox 227 1699 1363 2325">
    <p class='ocr_par' dir='ltr' id='par_1_4' title="bbox 227 1699 1363 2325">
     <span class='ocr_line' id='line_1_10' title="bbox 229 1699 1363 1802; baseline 0.009 -26"><span class='ocrx_word' id='word_1_44' title='bbox 229 1716 387 1794; x_wconf 89' lang='lat' dir='ltr'>postremo</span> <span class='ocrx_word' id='word_1_45' title='bbox 416 1715 477 1779; x_wconf 88' lang='lat' dir='ltr'>looi</span> <span class='ocrx_word' id='word_1_46' title='bbox 504 1717 535 1780; x_wconf 95' lang='lat' dir='ltr'>in</span> <span class='ocrx_word' id='word_1_47' title='bbox 563 1716 584 1782; x_wconf 86' lang='lat' dir='ltr'>S</span> <span class='ocrx_word' id='word_1_48' title='bbox 611 1699 787 1801; x_wconf 83' lang='lat' dir='ltr'>eorruptela</span> <span class='ocrx_word' id='word_1_49' title='bbox 813 1720 947 1802; x_wconf 89' lang='lat' dir='ltr'>quadam</span> <span class='ocrx_word' id='word_1_50' title='bbox 974 1720 1152 1785; x_wconf 80' lang='lat' dir='ltr'>laborantes</span> <span class='ocrx_word' id='word_1_51' title='bbox 1180 1721 1264 1785; x_wconf 88' lang='lat' dir='ltr'>hand</span> <span class='ocrx_word' id='word_1_52' title='bbox 1293 1739 1363 1786; x_wconf 86' lang='lat' dir='ltr'>raro</span> 
     </span>
     <span class='ocr_line' id='line_1_11' title="bbox 229 1816 1363 1904; baseline 0.01 -24"><span class='ocrx_word' id='word_1_53' title='bbox 229 1817 261 1881; x_wconf 92' lang='lat' dir='ltr'>in</span> <span class='ocrx_word' id='word_1_54' title='bbox 278 1816 305 1897; x_wconf 87' lang='lat' dir='ltr'>Q</span> <span class='ocrx_word' id='word_1_55' title='bbox 320 1821 449 1884; x_wconf 86' lang='lat' dir='ltr'>eorreeti</span> <span class='ocrx_word' id='word_1_56' title='bbox 472 1822 678 1904; x_wconf 85' lang='lat' dir='ltr'>reperiuntur,</span> <span class='ocrx_word' id='word_1_57' title='bbox 703 1823 757 1886; x_wconf 90' lang='lat' dir='ltr'>sed</span> <span class='ocrx_word' id='word_1_58' title='bbox 780 1824 833 1904; x_wconf 88' lang='lat' dir='ltr'>ita,</span> <span class='ocrx_word' id='word_1_59' title='bbox 856 1829 892 1888; x_wconf 86' lang='lat' dir='ltr'>ut</span> <span class='ocrx_word' id='word_1_60' title='bbox 912 1823 1075 1888; x_wconf 88' lang='lat' dir='ltr'>librarium</span> <span class='ocrx_word' id='word_1_61' title='bbox 1098 1843 1154 1889; x_wconf 88' lang='lat' dir='ltr'>suo</span> <span class='ocrx_word' id='word_1_62' title='bbox 1169 1825 1272 1890; x_wconf 88' lang='lat' dir='ltr'>Marte</span> <span class='ocrx_word' id='word_1_63' title='bbox 1295 1845 1363 1891; x_wconf 86' lang='lat' dir='ltr'>eor-</span> 
     </span>
     <span class='ocr_line' id='line_1_12' title="bbox 229 1924 1362 2012; baseline 0.01 -28"><span class='ocrx_word' id='word_1_64' title='bbox 229 1924 356 1986; x_wconf 85' lang='lat' dir='ltr'>reetoris</span> <span class='ocrx_word' id='word_1_65' title='bbox 390 1943 519 1988; x_wconf 92' lang='lat' dir='ltr'>munere</span> <span class='ocrx_word' id='word_1_66' title='bbox 551 1927 692 1990; x_wconf 84' lang='lat' dir='ltr'>lunatum</span> <span class='ocrx_word' id='word_1_67' title='bbox 728 1947 796 1992; x_wconf 82' lang='lat' dir='ltr'>esse</span> <span class='ocrx_word' id='word_1_68' title='bbox 830 1933 977 2012; x_wconf 77' lang='lat' dir='ltr'>appareat</span> <span class='ocrx_word' id='word_1_69' title='bbox 1010 1929 1185 1994; x_wconf 85' lang='lat' dir='ltr'>litterarum</span> <span class='ocrx_word' id='word_1_70' title='bbox 1219 1931 1362 1995; x_wconf 89' lang='lat' dir='ltr'>dnotibus</span> 
     </span>
     <span class='ocr_line' id='line_1_13' title="bbox 229 2033 1363 2115; baseline 0.011 -28"><span class='ocrx_word' id='word_1_71' title='bbox 229 2043 341 2090; x_wconf 89' lang='lat' dir='ltr'>uoonm</span> <span class='ocrx_word' id='word_1_72' title='bbox 369 2033 584 2112; x_wconf 81' lang='lat' dir='ltr'>corruptarum</span> <span class='ocrx_word' id='word_1_73' title='bbox 613 2049 673 2096; x_wconf 95' lang='lat' dir='ltr'>non</span> <span class='ocrx_word' id='word_1_74' title='bbox 696 2033 855 2114; x_wconf 79' lang='lat' dir='ltr'>respectis,</span> <span class='ocrx_word' id='word_1_75' title='bbox 883 2051 1073 2115; x_wconf 87' lang='lat' dir='ltr'>quamquam</span> <span class='ocrx_word' id='word_1_76' title='bbox 1101 2035 1177 2098; x_wconf 90' lang='lat' dir='ltr'>satis</span> <span class='ocrx_word' id='word_1_77' title='bbox 1203 2035 1286 2099; x_wconf 87' lang='lat' dir='ltr'>laoili</span> <span class='ocrx_word' id='word_1_78' title='bbox 1309 2054 1363 2098; x_wconf 94' lang='lat' dir='ltr'>ne-</span> 
     </span>
     <span class='ocr_line' id='line_1_14' title="bbox 227 2131 1362 2219; baseline 0.008 -25"><span class='ocrx_word' id='word_1_79' title='bbox 227 2131 312 2213; x_wconf 87' lang='lat' dir='ltr'>gotio</span> <span class='ocrx_word' id='word_1_80' title='bbox 338 2134 475 2215; x_wconf 90' lang='lat' dir='ltr'>genuina</span> <span class='ocrx_word' id='word_1_81' title='bbox 504 2135 593 2199; x_wconf 89' lang='lat' dir='ltr'>leotio</span> <span class='ocrx_word' id='word_1_82' title='bbox 624 2137 807 2219; x_wconf 90' lang='lat' dir='ltr'>plerumque</span> <span class='ocrx_word' id='word_1_83' title='bbox 838 2156 874 2200; x_wconf 83' lang='lat' dir='ltr'>ex</span> <span class='ocrx_word' id='word_1_84' title='bbox 904 2138 984 2202; x_wconf 84' lang='lat' dir='ltr'>falsa</span> <span class='ocrx_word' id='word_1_85' title='bbox 1015 2139 1126 2202; x_wconf 89' lang='lat' dir='ltr'>eodieis</span> <span class='ocrx_word' id='word_1_86' title='bbox 1157 2138 1177 2204; x_wconf 89' lang='lat' dir='ltr'>S</span> <span class='ocrx_word' id='word_1_87' title='bbox 1208 2140 1362 2204; x_wconf 80' lang='lat' dir='ltr'>enucleari</span> 
     </span>
     <span class='ocr_line' id='line_1_15' title="bbox 228 2239 862 2325; baseline 0.009 -27"><span class='ocrx_word' id='word_1_88' title='bbox 228 2239 363 2316; x_wconf 86' lang='lat' dir='ltr'>poterat;</span> <span class='ocrx_word' id='word_1_89' title='bbox 386 2239 585 2304; x_wconf 77' lang='lat' dir='ltr'>conferantur</span> <span class='ocrx_word' id='word_1_90' title='bbox 608 2240 685 2305; x_wconf 83' lang='lat' dir='ltr'>haee</span> <span class='ocrx_word' id='word_1_91' title='bbox 708 2241 862 2325; x_wconf 84' lang='lat' dir='ltr'>exempla:</span> 
     </span>
    </p>
   </div>
   <div class='ocr_carea' id='block_1_5' title="bbox 335 2439 1173 2516">
    <p class='ocr_par' dir='ltr' id='par_1_5' title="bbox 335 2439 1173 2516">
     <span class='ocr_line' id='line_1_16' title="bbox 335 2439 1173 2516; baseline 0.004 -16"><span class='ocrx_word' id='word_1_92' title='bbox 335 2439 338 2447; x_wconf 57' lang='lat'><em>⁴</em></span> <span class='ocrx_word' id='word_1_93' title='bbox 467 2445 486 2500; x_wconf 85' lang='lat' dir='ltr'>S</span> <span class='ocrx_word' id='word_1_94' title='bbox 725 2448 842 2516; x_wconf 83' lang='lat' dir='ltr'>genuina</span> <span class='ocrx_word' id='word_1_95' title='bbox 858 2447 937 2502; x_wconf 80' lang='lat' dir='ltr'>leutio</span> <span class='ocrx_word' id='word_1_96' title='bbox 1150 2449 1173 2514; x_wconf 83' lang='lat' dir='ltr'>Q</span> 
     </span>
    </p>
   </div>
   <div class='ocr_carea' id='block_1_6' title="bbox 295 2566 1290 2962">
    <p class='ocr_par' dir='ltr' id='par_1_6' title="bbox 298 2566 1052 2654">
     <span class='ocr_line' id='line_1_17' title="bbox 298 2566 1052 2654; baseline 0.004 -24"><span class='ocrx_word' id='word_1_97' title='bbox 298 2566 367 2650; x_wconf 86' lang='lat'>184,</span> <span class='ocrx_word' id='word_1_98' title='bbox 383 2567 426 2632; x_wconf 87' lang='grc'>24</span> <span class='ocrx_word' id='word_1_99' title='bbox 449 2567 498 2632; x_wconf 75' lang='lat' dir='ltr'>dia</span> <span class='ocrx_word' id='word_1_100' title='bbox 521 2569 550 2653; x_wconf 84' lang='lat' dir='ltr'>(a</span> <span class='ocrx_word' id='word_1_101' title='bbox 573 2571 667 2654; x_wconf 79' lang='lat' dir='ltr'>eras)</span> <span class='ocrx_word' id='word_1_102' title='bbox 723 2569 850 2634; x_wconf 80' lang='lat' dir='ltr'>diuinis</span> <span class='ocrx_word' id='word_1_103' title='bbox 999 2569 1052 2634; x_wconf 78' lang='lat' dir='ltr'>det</span> 
     </span>
    </p>

    <p class='ocr_par' dir='ltr' id='par_1_7' title="bbox 295 2669 1290 2962">
     <span class='ocr_line' id='line_1_18' title="bbox 297 2669 1074 2754; baseline 0.004 -21"><span class='ocrx_word' id='word_1_104' title='bbox 297 2669 368 2754; x_wconf 85' lang='lat'>186,</span> <span class='ocrx_word' id='word_1_105' title='bbox 405 2671 497 2736; x_wconf 78' lang='lat' dir='ltr'>Soio</span> <span class='ocrx_word' id='word_1_106' title='bbox 537 2679 542 2694; x_wconf 92' lang='lat'>&#39;</span> <span class='ocrx_word' id='word_1_107' title='bbox 722 2685 782 2738; x_wconf 82' lang='lat' dir='ltr'>aut</span> <span class='ocrx_word' id='word_1_108' title='bbox 997 2675 1074 2737; x_wconf 81' lang='lat' dir='ltr'>item</span> 
     </span>
     <span class='ocr_line' id='line_1_19' title="bbox 297 2774 1290 2858; baseline 0.004 -21"><span class='ocrx_word' id='word_1_109' title='bbox 297 2774 655 2858; x_wconf 74' lang='grc' dir='ltr'>187,181“111(111111·α1</span> <span class='ocrx_word' id='word_1_110' title='bbox 720 2779 932 2842; x_wconf 68' lang='lat' dir='ltr'>interutras</span> <span class='ocrx_word' id='word_1_111' title='bbox 997 2779 1034 2841; x_wconf 79' lang='lat' dir='ltr'>in</span> <span class='ocrx_word' id='word_1_112' title='bbox 1058 2788 1164 2841; x_wconf 79' lang='lat' dir='ltr'>terras</span> <span class='ocrx_word' id='word_1_113' title='bbox 1187 2801 1290 2841; x_wconf 82' lang='lat' dir='ltr'>ouras</span> 
     </span>
     <span class='ocr_line' id='line_1_20' title="bbox 295 2879 1181 2962; baseline 0.006 -21"><span class='ocrx_word' id='word_1_114' title='bbox 295 2879 366 2962; x_wconf 92' lang='grc'>191,</span> <span class='ocrx_word' id='word_1_115' title='bbox 404 2880 510 2945; x_wconf 72' lang='grc'>911111</span> <span class='ocrx_word' id='word_1_116' title='bbox 533 2881 594 2945; x_wconf 78' lang='lat' dir='ltr'>tibi</span> <span class='ocrx_word' id='word_1_117' title='bbox 723 2882 856 2946; x_wconf 73' lang='lat' dir='ltr'>tritior·</span> <span class='ocrx_word' id='word_1_118' title='bbox 998 2883 1062 2945; x_wconf 82' lang='lat' dir='ltr'>erit</span> <span class='ocrx_word' id='word_1_119' title='bbox 1084 2881 1181 2946; x_wconf 74' lang='lat' dir='ltr'>iltius</span> 
     </span>
    </p>
   </div>
   <div class='ocr_carea' id='block_1_7' title="bbox 294 2983 1054 3068">
    <p class='ocr_par' dir='ltr' id='par_1_8' title="bbox 294 2983 1054 3068">
     <span class='ocr_line' id='line_1_21' title="bbox 294 2983 1054 3068; baseline 0.003 -20"><span class='ocrx_word' id='word_1_120' title='bbox 294 2983 368 3068; x_wconf 88' lang='grc'>202,</span> <span class='ocrx_word' id='word_1_121' title='bbox 404 2985 485 3050; x_wconf 77' lang='lat' dir='ltr'>boat</span> <span class='ocrx_word' id='word_1_122' title='bbox 721 2997 755 3050; x_wconf 88' lang='lat' dir='ltr'>at</span> <span class='ocrx_word' id='word_1_123' title='bbox 998 2986 1054 3050; x_wconf 84' lang='lat' dir='ltr'>aed</span> 
     </span>
    </p>
   </div>
   <div class='ocr_carea' id='block_1_8' title="bbox 228 3175 1363 4408">
    <p class='ocr_par' dir='ltr' id='par_1_9' title="bbox 228 3175 1363 4408">
     <span class='ocr_line' id='line_1_22' title="bbox 228 3175 1363 3259; baseline 0.002 -19"><span class='ocrx_word' id='word_1_124' title='bbox 228 3175 315 3258; x_wconf 83' lang='lat' dir='ltr'>Quae</span> <span class='ocrx_word' id='word_1_125' title='bbox 338 3195 409 3242; x_wconf 87' lang='lat' dir='ltr'>oum</span> <span class='ocrx_word' id='word_1_126' title='bbox 432 3179 476 3243; x_wconf 91' lang='lat' dir='ltr'>ita</span> <span class='ocrx_word' id='word_1_127' title='bbox 498 3179 569 3259; x_wconf 87' lang='lat' dir='ltr'>sint,</span> <span class='ocrx_word' id='word_1_128' title='bbox 592 3179 712 3243; x_wconf 89' lang='lat' dir='ltr'>nullam</span> <span class='ocrx_word' id='word_1_129' title='bbox 734 3178 829 3243; x_wconf 88' lang='lat' dir='ltr'>fidem</span> <span class='ocrx_word' id='word_1_130' title='bbox 852 3197 920 3243; x_wconf 88' lang='lat' dir='ltr'>esse</span> <span class='ocrx_word' id='word_1_131' title='bbox 942 3177 1119 3243; x_wconf 87' lang='lat' dir='ltr'>habandam</span> <span class='ocrx_word' id='word_1_132' title='bbox 1142 3179 1238 3244; x_wconf 88' lang='lat' dir='ltr'>oodioi</span> <span class='ocrx_word' id='word_1_133' title='bbox 1261 3177 1287 3259; x_wconf 82' lang='lat' dir='ltr'><strong>Q</strong></span> <span class='ocrx_word' id='word_1_134' title='bbox 1310 3179 1363 3242; x_wconf 87' lang='lat' dir='ltr'>de-</span> 
     </span>
     <span class='ocr_line' id='line_1_23' title="bbox 230 3281 1363 3366; baseline -0.001 -21"><span class='ocrx_word' id='word_1_135' title='bbox 230 3285 420 3346; x_wconf 73' lang='lat' dir='ltr'>monstrasse</span> <span class='ocrx_word' id='word_1_136' title='bbox 448 3287 480 3347; x_wconf 74' lang='grc'>11</span> <span class='ocrx_word' id='word_1_137' title='bbox 507 3283 572 3347; x_wconf 90' lang='lat' dir='ltr'>iure</span> <span class='ocrx_word' id='word_1_138' title='bbox 595 3283 690 3348; x_wconf 91' lang='lat' dir='ltr'>etiam</span> <span class='ocrx_word' id='word_1_139' title='bbox 715 3301 760 3364; x_wconf 89' lang='lat' dir='ltr'>ea,</span> <span class='ocrx_word' id='word_1_140' title='bbox 789 3300 867 3364; x_wconf 87' lang='lat' dir='ltr'>quae</span> <span class='ocrx_word' id='word_1_141' title='bbox 890 3283 921 3346; x_wconf 92' lang='lat' dir='ltr'>in</span> <span class='ocrx_word' id='word_1_142' title='bbox 945 3281 972 3364; x_wconf 84' lang='lat' dir='ltr'>Q</span> <span class='ocrx_word' id='word_1_143' title='bbox 994 3303 1023 3365; x_wconf 88' lang='lat' dir='ltr'>p.</span> <span class='ocrx_word' id='word_1_144' title='bbox 1043 3281 1113 3363; x_wconf 88' lang='lat'>191,</span> <span class='ocrx_word' id='word_1_145' title='bbox 1129 3281 1172 3345; x_wconf 89' lang='grc'>22</span> <span class='ocrx_word' id='word_1_146' title='bbox 1198 3287 1269 3366; x_wconf 91' lang='lat' dir='ltr'>post</span> <span class='ocrx_word' id='word_1_147' title='bbox 1291 3305 1363 3345; x_wconf 81' lang='lat' dir='ltr'>eon-</span> 
     </span>
     <span class='ocr_line' id='line_1_24' title="bbox 228 3385 1363 3470; baseline 0.004 -22"><span class='ocrx_word' id='word_1_148' title='bbox 228 3385 338 3449; x_wconf 72' lang='lat' dir='ltr'>stiterit</span> <span class='ocrx_word' id='word_1_149' title='bbox 360 3387 516 3470; x_wconf 86' lang='lat' dir='ltr'>legnntur,</span> <span class='ocrx_word' id='word_1_150' title='bbox 539 3406 595 3470; x_wconf 90' lang='lat' dir='ltr'>pro</span> <span class='ocrx_word' id='word_1_151' title='bbox 619 3387 830 3452; x_wconf 85' lang='lat' dir='ltr'>additamento</span> <span class='ocrx_word' id='word_1_152' title='bbox 852 3387 999 3451; x_wconf 85' lang='lat' dir='ltr'>habuisse</span> <span class='ocrx_word' id='word_1_153' title='bbox 1023 3385 1111 3451; x_wconf 92' lang='lat' dir='ltr'>nobis</span> <span class='ocrx_word' id='word_1_154' title='bbox 1134 3387 1291 3462; x_wconf 86' lang='lat' dir='ltr'>uidemur;</span> <span class='ocrx_word' id='word_1_155' title='bbox 1314 3407 1363 3452; x_wconf 88' lang='lat' dir='ltr'>ee-</span> 
     </span>
     <span class='ocr_line' id='line_1_25' title="bbox 229 3490 1362 3574; baseline -0.002 -17"><span class='ocrx_word' id='word_1_156' title='bbox 229 3497 333 3557; x_wconf 85' lang='lat' dir='ltr'>terum</span> <span class='ocrx_word' id='word_1_157' title='bbox 355 3491 563 3572; x_wconf 77' lang='lat' dir='ltr'>tentarentur,</span> <span class='ocrx_word' id='word_1_158' title='bbox 591 3509 670 3574; x_wconf 87' lang='lat' dir='ltr'>quae</span> <span class='ocrx_word' id='word_1_159' title='bbox 693 3491 731 3554; x_wconf 85' lang='lat' dir='ltr'>de</span> <span class='ocrx_word' id='word_1_160' title='bbox 754 3491 862 3556; x_wconf 86' lang='lat' dir='ltr'>eadem</span> <span class='ocrx_word' id='word_1_161' title='bbox 888 3510 921 3555; x_wconf 92' lang='lat' dir='ltr'>re</span> <span class='ocrx_word' id='word_1_162' title='bbox 947 3491 1047 3556; x_wconf 82' lang='lat' dir='ltr'>insius</span> <span class='ocrx_word' id='word_1_163' title='bbox 1075 3490 1304 3574; x_wconf 85' lang='lat' dir='ltr'>disputauimus</span> <span class='ocrx_word' id='word_1_164' title='bbox 1331 3492 1362 3555; x_wconf 95' lang='lat' dir='ltr'>in</span> 
     </span>
     <span class='ocr_line' id='line_1_26' title="bbox 229 3591 1261 3680; baseline -0.001 -20"><span class='ocrx_word' id='word_1_165' title='bbox 229 3595 435 3680; x_wconf 83' lang='lat' dir='ltr'>llplremerirle</span> <span class='ocrx_word' id='word_1_166' title='bbox 458 3597 691 3680; x_wconf 81' lang='lat' dir='ltr'>gymnasiorum</span> <span class='ocrx_word' id='word_1_167' title='bbox 715 3596 940 3660; x_wconf 81' lang='lat' dir='ltr'>austriacorum</span> <span class='ocrx_word' id='word_1_168' title='bbox 963 3591 1047 3658; x_wconf 89' lang='grc'>1890</span> <span class='ocrx_word' id='word_1_169' title='bbox 1069 3615 1099 3678; x_wconf 87' lang='lat' dir='ltr'>p.</span> <span class='ocrx_word' id='word_1_170' title='bbox 1115 3592 1177 3658; x_wconf 87' lang='lat'>681</span> <span class='ocrx_word' id='word_1_171' title='bbox 1195 3613 1261 3677; x_wconf 84' lang='lat' dir='ltr'>sqq.</span> 
     </span>
     <span class='ocr_line' id='line_1_27' title="bbox 272 3697 1363 3785; baseline -0.002 -20"><span class='ocrx_word' id='word_1_172' title='bbox 272 3699 358 3766; x_wconf 88' lang='lat' dir='ltr'>Nihil</span> <span class='ocrx_word' id='word_1_173' title='bbox 382 3701 464 3765; x_wconf 87' lang='lat' dir='ltr'>aliud</span> <span class='ocrx_word' id='word_1_174' title='bbox 487 3701 581 3785; x_wconf 85' lang='lat' dir='ltr'>igitur</span> <span class='ocrx_word' id='word_1_175' title='bbox 603 3703 711 3781; x_wconf 86' lang='lat' dir='ltr'>restat,</span> <span class='ocrx_word' id='word_1_176' title='bbox 735 3717 830 3782; x_wconf 88' lang='lat' dir='ltr'>quam</span> <span class='ocrx_word' id='word_1_177' title='bbox 853 3703 889 3764; x_wconf 92' lang='lat' dir='ltr'>ut</span> <span class='ocrx_word' id='word_1_178' title='bbox 911 3699 1047 3763; x_wconf 89' lang='lat' dir='ltr'>oodieem</span> <span class='ocrx_word' id='word_1_179' title='bbox 1070 3697 1091 3763; x_wconf 88' lang='lat' dir='ltr'>S</span> <span class='ocrx_word' id='word_1_180' title='bbox 1114 3699 1225 3762; x_wconf 79' lang='lat' dir='ltr'>durem</span> <span class='ocrx_word' id='word_1_181' title='bbox 1252 3717 1363 3780; x_wconf 89' lang='lat' dir='ltr'>seqna-</span> 
     </span>
     <span class='ocr_line' id='line_1_28' title="bbox 229 3803 1362 3888; baseline -0.003 -19"><span class='ocrx_word' id='word_1_182' title='bbox 229 3823 301 3870; x_wconf 91' lang='lat' dir='ltr'>mur</span> <span class='ocrx_word' id='word_1_183' title='bbox 327 3805 360 3870; x_wconf 94' lang='lat' dir='ltr'>in</span> <span class='ocrx_word' id='word_1_184' title='bbox 388 3805 529 3888; x_wconf 88' lang='lat' dir='ltr'>epistulis</span> <span class='ocrx_word' id='word_1_185' title='bbox 557 3805 735 3870; x_wconf 80' lang='lat' dir='ltr'>Faustianis</span> <span class='ocrx_word' id='word_1_186' title='bbox 762 3803 959 3868; x_wconf 78' lang='lat' dir='ltr'>recensendis</span> <span class='ocrx_word' id='word_1_187' title='bbox 991 3820 1145 3868; x_wconf 88' lang='lat' dir='ltr'>memores</span> <span class='ocrx_word' id='word_1_188' title='bbox 1176 3803 1362 3867; x_wconf 86' lang='lat' dir='ltr'>deseenders</span> 
     </span>
     <span class='ocr_line' id='line_1_29' title="bbox 231 3907 1362 3992; baseline -0.003 -19"><span class='ocrx_word' id='word_1_189' title='bbox 231 3929 303 3974; x_wconf 89' lang='lat' dir='ltr'>eum</span> <span class='ocrx_word' id='word_1_190' title='bbox 326 3929 363 3974; x_wconf 80' lang='lat' dir='ltr'>ex</span> <span class='ocrx_word' id='word_1_191' title='bbox 385 3909 489 3974; x_wconf 84' lang='lat' dir='ltr'>codiee</span> <span class='ocrx_word' id='word_1_192' title='bbox 511 3927 663 3992; x_wconf 88' lang='lat' dir='ltr'>perquam</span> <span class='ocrx_word' id='word_1_193' title='bbox 685 3908 766 3973; x_wconf 93' lang='lat' dir='ltr'>bono</span> <span class='ocrx_word' id='word_1_194' title='bbox 789 3927 889 3990; x_wconf 89' lang='lat' dir='ltr'>neque</span> <span class='ocrx_word' id='word_1_195' title='bbox 911 3909 1015 3990; x_wconf 91' lang='lat' dir='ltr'>ipsum</span> <span class='ocrx_word' id='word_1_196' title='bbox 1039 3925 1106 3972; x_wconf 89' lang='lat' dir='ltr'>esse</span> <span class='ocrx_word' id='word_1_197' title='bbox 1129 3907 1362 3989; x_wconf 86' lang='lat' dir='ltr'>interpolatum,</span> 
     </span>
     <span class='ocr_line' id='line_1_30' title="bbox 230 4009 1363 4098; baseline -0.003 -20"><span class='ocrx_word' id='word_1_198' title='bbox 230 4031 420 4096; x_wconf 89' lang='lat' dir='ltr'>quamquam</span> <span class='ocrx_word' id='word_1_199' title='bbox 451 4013 724 4098; x_wconf 84' lang='lat' dir='ltr'>neglegentissime</span> <span class='ocrx_word' id='word_1_200' title='bbox 755 4013 914 4097; x_wconf 85' lang='lat' dir='ltr'>seriptum.</span> <span class='ocrx_word' id='word_1_201' title='bbox 954 4011 1008 4076; x_wconf 92' lang='lat' dir='ltr'>ubi</span> <span class='ocrx_word' id='word_1_202' title='bbox 1038 4009 1058 4076; x_wconf 87' lang='lat' dir='ltr'>S</span> <span class='ocrx_word' id='word_1_203' title='bbox 1089 4009 1206 4092; x_wconf 85' lang='lat' dir='ltr'>deficit,</span> <span class='ocrx_word' id='word_1_204' title='bbox 1236 4013 1268 4075; x_wconf 94' lang='lat' dir='ltr'>in</span> <span class='ocrx_word' id='word_1_205' title='bbox 1299 4012 1363 4095; x_wconf 87' lang='lat' dir='ltr'>epi·</span> 
     </span>
     <span class='ocr_line' id='line_1_31' title="bbox 230 4115 1362 4201; baseline -0.004 -17"><span class='ocrx_word' id='word_1_206' title='bbox 230 4121 313 4184; x_wconf 82' lang='lat' dir='ltr'>stola</span> <span class='ocrx_word' id='word_1_207' title='bbox 335 4123 446 4201; x_wconf 87' lang='lat' dir='ltr'>quarta</span> <span class='ocrx_word' id='word_1_208' title='bbox 467 4119 561 4182; x_wconf 84' lang='lat' dir='ltr'>sodex</span> <span class='ocrx_word' id='word_1_209' title='bbox 585 4117 612 4182; x_wconf 88' lang='lat' dir='ltr'><strong>R</strong></span> <span class='ocrx_word' id='word_1_210' title='bbox 634 4120 792 4182; x_wconf 89' lang='lat' dir='ltr'>uetustate</span> <span class='ocrx_word' id='word_1_211' title='bbox 814 4117 946 4199; x_wconf 89' lang='lat' dir='ltr'>insignis</span> <span class='ocrx_word' id='word_1_212' title='bbox 969 4117 1102 4198; x_wconf 90' lang='lat' dir='ltr'>priorem</span> <span class='ocrx_word' id='word_1_213' title='bbox 1122 4115 1242 4180; x_wconf 89' lang='lat' dir='ltr'>obtinet</span> <span class='ocrx_word' id='word_1_214' title='bbox 1261 4116 1362 4180; x_wconf 88' lang='lat' dir='ltr'>loeum</span> 
     </span>
     <span class='ocr_line' id='line_1_32' title="bbox 230 4220 1360 4304; baseline -0.005 -14"><span class='ocrx_word' id='word_1_215' title='bbox 230 4229 303 4290; x_wconf 86' lang='lat' dir='ltr'>unte</span> <span class='ocrx_word' id='word_1_216' title='bbox 319 4222 355 4304; x_wconf 84' lang='lat' dir='ltr'>Q.</span> <span class='ocrx_word' id='word_1_217' title='bbox 393 4223 454 4286; x_wconf 91' lang='lat' dir='ltr'>iam</span> <span class='ocrx_word' id='word_1_218' title='bbox 479 4223 515 4302; x_wconf 90' lang='lat' dir='ltr'>si,</span> <span class='ocrx_word' id='word_1_219' title='bbox 539 4241 577 4286; x_wconf 91' lang='lat' dir='ltr'>ne</span> <span class='ocrx_word' id='word_1_220' title='bbox 593 4222 667 4304; x_wconf 85' lang='lat' dir='ltr'>qnid</span> <span class='ocrx_word' id='word_1_221' title='bbox 682 4221 825 4286; x_wconf 87' lang='lat' dir='ltr'>omisisse</span> <span class='ocrx_word' id='word_1_222' title='bbox 844 4221 1016 4300; x_wconf 87' lang='lat' dir='ltr'>uideamur,</span> <span class='ocrx_word' id='word_1_223' title='bbox 1040 4220 1183 4284; x_wconf 87' lang='lat' dir='ltr'>addimus</span> <span class='ocrx_word' id='word_1_224' title='bbox 1199 4221 1360 4284; x_wconf 88' lang='lat' dir='ltr'>Hinomari</span> 
     </span>
     <span class='ocr_line' id='line_1_33' title="bbox 231 4325 1363 4408; baseline -0.004 -16"><span class='ocrx_word' id='word_1_225' title='bbox 231 4332 349 4394; x_wconf 81' lang='lat' dir='ltr'>textum</span> <span class='ocrx_word' id='word_1_226' title='bbox 376 4327 414 4391; x_wconf 89' lang='lat' dir='ltr'>ad</span> <span class='ocrx_word' id='word_1_227' title='bbox 438 4326 549 4392; x_wconf 86' lang='lat' dir='ltr'>oodiois</span> <span class='ocrx_word' id='word_1_228' title='bbox 573 4327 733 4390; x_wconf 81' lang='lat' dir='ltr'>cuiusdam</span> <span class='ocrx_word' id='word_1_229' title='bbox 756 4325 1016 4408; x_wconf 89' lang='lat' dir='ltr'>praestantissimi</span> <span class='ocrx_word' id='word_1_230' title='bbox 1044 4325 1262 4389; x_wconf 81' lang='lat' dir='ltr'>auctoritatem</span> <span class='ocrx_word' id='word_1_231' title='bbox 1290 4343 1363 4388; x_wconf 88' lang='lat' dir='ltr'>oon-</span> 
     </span>
    </p>
   </div>
   <div class='ocr_carea' id='block_1_9' title="bbox 230 4427 1363 4583">
    <p class='ocr_par' dir='ltr' id='par_1_10' title="bbox 230 4427 1363 4583">
     <span class='ocr_line' id='line_1_34' title="bbox 230 4427 1363 4514; baseline -0.005 -16"><span class='ocrx_word' id='word_1_232' title='bbox 230 4434 376 4498; x_wconf 83' lang='lat' dir='ltr'>stitutum</span> <span class='ocrx_word' id='word_1_233' title='bbox 393 4449 461 4496; x_wconf 89' lang='lat' dir='ltr'>esse</span> <span class='ocrx_word' id='word_1_234' title='bbox 476 4435 626 4514; x_wconf 84' lang='lat' dir='ltr'>oportere,</span> <span class='ocrx_word' id='word_1_235' title='bbox 650 4428 731 4512; x_wconf 90' lang='lat' dir='ltr'>quod</span> <span class='ocrx_word' id='word_1_236' title='bbox 751 4429 903 4512; x_wconf 88' lang='lat' dir='ltr'>epistulae</span> <span class='ocrx_word' id='word_1_237' title='bbox 919 4429 1026 4494; x_wconf 81' lang='lat' dir='ltr'>Fausti</span> <span class='ocrx_word' id='word_1_238' title='bbox 1043 4433 1074 4492; x_wconf 88' lang='lat' dir='ltr'>ot</span> <span class='ocrx_word' id='word_1_239' title='bbox 1089 4427 1196 4493; x_wconf 84' lang='lat' dir='ltr'>Luoirli</span> <span class='ocrx_word' id='word_1_240' title='bbox 1211 4429 1250 4492; x_wconf 87' lang='lat' dir='ltr'>ab</span> <span class='ocrx_word' id='word_1_241' title='bbox 1266 4429 1363 4492; x_wconf 85' lang='lat' dir='ltr'>Hine-</span> 
     </span>
     <span class='ocr_line' id='line_1_35' title="bbox 1174 4532 1207 4583; baseline 0 -20"><span class='ocrx_word' id='word_1_242' title='bbox 1174 4532 1207 4583; x_wconf 65' lang='lat' dir='ltr'>ds</span> 
     </span>
    </p>
   </div>
   <div class='ocr_carea' id='block_1_10' title="bbox 0 0 1665 5140">
    <p class='ocr_par' dir='ltr' id='par_1_11' title="bbox 0 0 1665 5140">
     <span class='ocr_line' id='line_1_36' title="bbox 0 0 1665 5140; baseline 0 0"><span class='ocrx_word' id='word_1_243' title='bbox 0 0 1665 5140; x_wconf 95' lang='lat' dir='ltr'> </span> 
     </span>
    </p>
   </div>
  </div>
 </body>
</html>
