3268 5142
310 489 373 556 332
748 488 813 542 1111.
833 487 942 541 Sermo
960 489 1002 542 27.

308 667 386 747 fiais,
420 667 453 730 in
488 671 595 730 saneto
621 665 798 748 Augustino
829 665 969 749 pertenta
998 668 1072 728 sunt
1106 681 1234 727 munere
1268 661 1443 727 eonditoris.

310 773 362 836 ille
385 771 483 834 semel
510 772 541 834 in
569 789 650 834 anno
679 789 716 833 ea
742 787 813 834 mox
836 769 976 833 eruenda
999 766 1154 848 sumebat,
1181 767 1231 831 hie
1254 767 1323 851 ipsa
1345 767 1445 830 ineor-

309 879 419 959 perata
441 879 570 939 naturae
595 875 722 938 induere
746 875 815 954 seit,
843 874 940 938 nescit
965 891 1074 937 enuere
1103 889 1275 954 numquam
1299 871 1350 934 uel
1374 889 1445 933 oum

308 999 434 1062 eorpore
462 980 654 1063 deponenda,
683 979 737 1042 sed
765 979 803 1042 ad
826 981 984 1042 auctorem
1011 995 1083 1040 eum
1111 975 1221 1058 spiritu
1249 975 1446 1058 reportanda.

258 1111 270 1149 a
309 1085 341 1148 in
364 1085 418 1148 illo
442 1087 508 1148 erat
530 1083 631 1167 figura
653 1083 854 1166 praeteriens,
877 1083 908 1146 in
932 1082 990 1145 hoe
1013 1083 1128 1145 ueritas
1152 1097 1365 1164 perseuerans.

351 1187 508 1271 Superest,
532 1192 567 1251 ut
583 1207 637 1270 per
654 1188 760 1250 omnia
780 1187 879 1250 saneti
894 1184 1066 1269 Augustini
1081 1183 1269 1249 oaelestibus
1292 1183 1447 1246 institutis

309 1295 341 1355 et
363 1291 574 1375 singularibus
597 1290 765 1374 proficiatis
790 1290 949 1372 exemplis
995 1292 1097 1353 totum
1121 1289 1204 1352 enim
1226 1288 1259 1352 in
1280 1287 1333 1352 illo
1358 1286 1447 1351 uobis

309 1397 432 1460 abunde
455 1401 578 1480 praesto
610 1400 667 1476 est,
699 1395 749 1459 uel
780 1395 862 1477 quod
885 1394 1020 1478 pertinet
1049 1393 1088 1457 ad
1119 1392 1365 1457 aedificationem
1396 1391 1448 1454 uel

308 1501 390 1582 quod
413 1503 534 1584 spectat
563 1500 601 1564 ad
624 1500 754 1584 gloriam
784 1500 835 1563 uel
858 1499 938 1580 quod
968 1502 1061 1564 uooat
1089 1497 1129 1562 ad
1159 1498 1258 1561 uitam
1288 1495 1340 1560 nel
1363 1495 1447 1577 quod

258 1633 283 1670 ιο
309 1605 429 1670 extollit
452 1604 491 1668 ad
512 1605 652 1688 gloriam.
699 1605 732 1667 in
759 1603 826 1686 ipso
850 1603 934 1668 enim
962 1604 989 1667 si
1014 1602 1178 1684 requiratis
1207 1600 1308 1665 bonae
1335 1599 1448 1664 uolun-

309 1709 383 1773 tatis
407 1709 580 1788 affectum,
596 1709 734 1772 clamant
756 1707 986 1772 misericordiae
1009 1724 1111 1791 opera,
1140 1706 1166 1769 si
1187 1705 1370 1789 patientiam
1394 1704 1449 1768 da-

309 1813 468 1894 sideratis,
502 1813 639 1878 existunt
674 1813 923 1876 mansuetndinis
958 1813 1156 1891 ornamenta,
1190 1811 1217 1874 si
1246 1827 1342 1892 purae
1374 1827 1449 1874 oon-

309 1917 457 1982 snientiae
474 1917 538 1980 sint
553 1917 773 2000 interroganda
788 1919 916 1997 secreta,
929 1916 1119 1997 respondent
1130 1914 1285 1980 eastitatis
1301 1913 1448 2004 iusignia,

309 2021 447 2105 fraglant
462 2019 666 2104 benignitatis
682 2019 834 2102 balsama,
857 2020 983 2104 pietatis
999 2023 1150 2100 aromata,
1172 2019 1329 2102 refulgent
1348 2017 1449 2082 seien-

257 2151 282 2190 15
309 2126 370 2189 tiae
399 2125 632 2208 sapientiaeque
662 2126 798 2190 monilia.
844 2126 924 2189 inter
953 2125 1031 2188 haee
1058 2124 1194 2188 multum
1224 2141 1378 2203 ueremur,
1406 2141 1448 2186 ne

309 2229 421 2294 merita
444 2229 545 2293 saneti
566 2228 747 2314 Augustini,
775 2231 849 2294 dum
874 2227 1003 2294 effeetus
1031 2227 1268 2312 praedicationis
1297 2226 1449 2308 insinuat,

309 2333 442 2414 tenuitas
478 2333 630 2398 sermonis
666 2332 844 2398 abscondat.
896 2333 1012 2398 etenim
1047 2335 1217 2414 antequam
1252 2332 1446 2394 saecularem

308 2438 453 2503 habitum
481 2438 664 2502 caelestium
691 2441 827 2503 sectator
855 2440 980 2502 exueret
1007 2441 1038 2500 et
1065 2454 1172 2501 saurae
1200 2435 1328 2500 militiae
1355 2435 1449 2518 signa

309 2543 490 2626 susciperet,
521 2543 712 2625 aliquamdiu
742 2543 773 2606 in
805 2546 923 2606 secreto
947 2541 1063 2606 domini
1089 2541 1200 2604 timore
1232 2543 1263 2604 et
1284 2541 1371 2603 metu
1394 2556 1448 2602 oe-

260 2673 285 2712 so
309 2649 430 2712 nultum
454 2647 586 2711 militem
608 2647 717 2732 gessit,
742 2646 794 2710 diu
816 2647 848 2710 in
871 2646 930 2710 hoo
953 2645 1069 2709 mundo
1089 2645 1210 2727 positus
1233 2641 1294 2727 (in)
1309 2646 1447 2708 enuomo

309 2753 418 2817 mundi
447 2753 506 2816 luit
540 2770 576 2816 ao
610 2752 654 2814 sio
681 2751 811 2834 'publiea
840 2750 1075 2840 conuersatione
1106 2752 1251 2831 suscepta
1284 2767 1346 2812 non
1376 2749 1445 2810 tam

309 2857 410 2938 eoepit
425 2875 503 2936 esse,
528 2855 609 2938 quod
625 2873 685 2920 non
703 2858 778 2935 erat,
802 2872 896 2936 quam
919 2853 1061 2937 prodidit,
1084 2852 1164 2934 quod
1187 2850 1315 2916 latebat.
1349 2850 1446 2935 igitur

309 2979 380 3024 eum
408 2960 474 3024 eius
501 2959 646 3024 iuuenilis
673 2961 760 3023 aetas
787 2958 987 3022 uincentibus
1009 2957 1156 3022 lasoiuiae
1185 2955 1316 3020 fallaciis
1343 2958 1447 3019 trans-

309 3065 483 3130 uolantinm
506 3083 610 3128 rerum
634 3064 753 3147 speeies
775 3064 903 3146 pingere
927 3065 957 3126 et
979 3061 1114 3127 indicere
1138 3063 1310 3140 donaretur,
1334 3077 1446 3123 sensus

257 3192 282 3231 aa
310 3170 375 3233 eius
391 3169 656 3252 praetereuntium
680 3186 715 3232 ae
735 3167 930 3251 perdentium
955 3166 1153 3248 uoluptatum
1168 3164 1302 3248 fugitina
1317 3163 1446 3228 duleedo

310 3291 443 3354 eumque
459 3272 589 3336 daorsis
606 3271 735 3336 neribus
751 3271 906 3336 uiolentiis
930 3269 1090 3334 adiciendo
1106 3269 1241 3332 mundns
1258 3269 1447 3352 astringeret

309 3395 441 3458 eumque
457 3377 545 3440 illum
562 3395 684 3459 genere,
708 3376 867 3456 leoultate,
891 3374 1041 3454 moribus,
1065 3373 1208 3438 acumine
1225 3377 1256 3436 et
1276 3371 1446 3436 memoriae

310 3481 480 3564 capacitate
502 3481 673 3562 pollentem
696 3483 728 3544 et
749 3499 804 3564 per
827 3479 951 3544 diuitias
970 3475 1078 3563 (dona)
1100 3476 1302 3542 multiformis
1324 3475 1446 3561 gratiae

310 3585 342 3649 in
365 3585 502 3648 medium
525 3584 735 3667 proferentem
758 3583 986 3666 quodammodo
1017 3582 1162 3664 amplexu
1183 3581 1317 3646 retinere
1339 3597 1447 3644 amoe-

257 3713 282 3752 ao
309 3691 389 3754 uitas
413 3689 495 3753 uitae
519 3689 610 3753 huius
633 3687 775 3769 ambiret,
799 3689 876 3753 haee
894 3688 948 3752 ille
964 3687 1111 3752 uniuersa
1126 3689 1202 3769 quot
1216 3685 1447 3750 oblectamenta

352 3917 368 3969 3
380 3911 489 3968 induere
502 3913 552 3967 seit
562 3913 669 3983 scripsi,
683 3911 830 3966 indurescit
841 3913 869 3966 P
919 3915 935 3968 9
948 3913 1069 3982 erpantat
1082 3911 1110 3965 P
1162 3910 1194 3966 14
1206 3907 1324 3978 fraglant
1337 3908 1447 3977 seipsi,

309 4001 463 4069 flagrantP
515 4003 546 4056 15
560 3999 716 4060 muniliaP
767 3997 1147 4067 multum—lie.221atebat]
1167 3999 1201 4066 es.
1216 3996 1312 4050 Eruet
1326 3997 1395 4050 bom.
1409 3998 1447 4049 34

308 4087 433 4155 (BPML
449 4088 493 4142 VI
504 4091 556 4142 654
569 4088 608 4156 D)
661 4102 784 4140 ueremur
802 4102 834 4139 ne
854 4086 962 4155 Euoeb,
980 4101 1137 4140 ueneremur
1154 4084 1182 4138 P
1235 4085 1266 4138 16
1284 4080 1399 4150 agustini
1419 4081 1450 4135 P

310 4177 342 4230 19
365 4174 392 4226 et
413 4175 486 4227 metu
510 4173 644 4228 oecultum
666 4175 773 4242 scripsi,
798 4174 868 4226 meto
887 4171 990 4226 cultum
1008 4173 1036 4226 P
1103 4173 1138 4227 20
1156 4170 1184 4224 in
1203 4171 1319 4222 extremo
1336 4169 1447 4236 scripsi,

309 4262 425 4314 extrema
443 4259 470 4313 P
529 4263 603 4313 extra
626 4259 757 4314 muudum
781 4260 847 4314 mo.
911 4261 944 4314 22
963 4274 1044 4326 quam
1063 4259 1139 4325 Eam,
1158 4255 1228 4325 quod
1248 4256 1275 4309 P
1333 4256 1367 4309 24
1385 4269 1447 4322 spe·

308 4347 359 4400 ties
377 4347 404 4400 P
453 4349 487 4402 25
505 4344 626 4415 lugatiua
644 4348 672 4401 P
727 4348 760 4404 28
779 4345 847 4399 dona
865 4345 973 4414 addidi,
991 4363 1040 4402 om.
1056 4347 1083 4400 P
1138 4346 1172 4400 30
1189 4343 1449 4413 haee-p.333,1e

309 4433 428 4503 diuitias]
447 4436 483 4503 ef.
497 4434 595 4490 maed.
608 4436 677 4491 hom.
692 4437 726 4489 73
743 4434 803 4502 (VI
817 4435 869 4488 685
883 4433 919 4501 G)
