3268 5142
454 998 723 1104 RURIOH
763 997 1258 1102 EPISTULARUM

640 1212 783 1297 crans
814 1212 1067 1298 succubus.

847 1617 872 1680 I.

291 1777 407 1820 Dordlus
437 1775 619 1820 SUBLIMIBUS
649 1777 689 1817 ET
717 1776 748 1816 m
776 1775 907 1818 cnals'ro
930 1775 1049 1818 Domreo
1075 1775 1324 1819 nnumc'rrssusss
1346 1777 1424 1818 FRA-

253 1861 265 1900 b
353 1917 355 1923 Ι
505 1863 615 1904 uulnus
637 1862 778 1904 namuro
800 1864 840 1903 ΕΤ
864 1863 1042 1905 camnulas
1064 1863 1216 1906 umalama.

334 1999 464 2081 Antiqui
493 2000 648 2082 sapientes
678 1999 794 2062 amicos
826 1998 901 2062 duos
932 2015 1028 2062 unam
1062 1999 1199 2063 animam
1233 1999 1348 2064 habere
1378 2000 1426 2063 di-

291 2105 411 2183 xerunt,
442 2102 523 2184 quod
553 2103 643 2166 ualde
671 2121 780 2166 uerum
804 2121 872 2166 esse
896 2121 952 2185 ego
975 2102 1116 2185 praedico
1138 2102 1304 2186 proboque.
1350 2122 1426 2168 narn

291 2210 456 2290 postquam
473 2225 491 2271 a
506 2211 612 2270 uestra
630 2206 838 2290 germanitate
861 2206 999 2287 discessi,
1022 2207 1157 2272 diuisum
1173 2226 1242 2272 esse
1257 2227 1308 2271 me
1325 2209 1426 2273 sentio

291 2314 473 2395 partemque
504 2327 606 2374 meam
629 2309 792 2374 uobiscum
813 2310 966 2374 resedisse
989 2329 1140 2395 cognosco
1162 2330 1219 2375 nec
1242 2311 1425 2376 absentibus

241 2443 266 2482 ιο
292 2415 381 2479 uobis
413 2415 532 2498 integer
563 2433 631 2478 esse
662 2415 737 2478 mihi
767 2414 882 2479 uideor.
930 2419 962 2479 et
991 2433 1061 2479 cum
1089 2435 1140 2480 me
1163 2416 1195 2480 in
1219 2433 1269 2480 me
1293 2433 1354 2481 non
1377 2417 1427 2480 in-

292 2521 428 2600 ueniam,
458 2519 540 2602 apud
562 2537 618 2583 nos
641 2537 692 2583 me
723 2519 763 2583 ad
792 2537 848 2583 uos
871 2538 1014 2584 reuersus
1038 2519 1159 2602 inquiro
1182 2523 1276 2602 atque
1298 2519 1427 2602 ibidem,

293 2627 444 2706 quantum
467 2624 529 2688 mei
551 2622 639 2688 uobis
662 2623 833 2706 reliquisse,
856 2626 980 2688 tantum
1003 2624 1099 2688 uestri
1119 2643 1242 2688 meeum
1258 2623 1427 2689 abstulisse

293 2727 457 2810 conspicio.
504 2730 536 2790 st
562 2727 615 2807 ita,
646 2728 826 2810 priusquam
854 2727 908 2792 fiat
930 2731 1086 2792 annuente
1113 2728 1237 2793 domino
1259 2728 1426 2812 pignorum

293 2835 470 2896 nostrorum
500 2832 605 2896 uotiua
634 2832 821 2912 coniunctio,
853 2833 1027 2896 animorum
1057 2831 1139 2896 inter
1168 2850 1224 2897 nos
1254 2831 1338 2896 iacta
1362 2833 1428 2897 iam

242 2963 267 3002 rs
294 2935 414 3016 dinisio,
438 2953 516 3018 quae
539 2935 650 3000 diuisio
674 2936 890 3018 amplectenda
911 2936 1011 3019 magis
1035 2938 1083 3000 est
1098 2935 1308 3020 diligentibus,
1331 2954 1427 3018 quam

293 3039 430 3119 rutunda,
452 3058 507 3120 per
530 3057 624 3121 quam
647 3038 682 3104 fit
705 3040 738 3104 in
760 3039 903 3104 cordibus
926 3056 1033 3103 eorum
1053 3040 1190 3104 caritatis
1206 3040 1346 3124 integrae
1361 3041 1428 3104 sin·

294 3161 364 3208 cera
386 3143 564 3222 transfusio,
588 3144 675 3207 cuius
699 3161 755 3228 ego
778 3143 911 3208 runculis
934 3144 1125 3227 conligatum
1141 3161 1160 3207 a
1174 3143 1263 3208 uobis
1287 3163 1354 3208 esse
1374 3162 1427 3208 me

293 3248 412 3332 gaudeo
435 3250 466 3311 et
489 3245 605 3311 talibus
628 3247 745 3312 catenis
764 3247 888 3312 mustus
905 3248 1007 3312 exulto
1023 3247 1237 3331 obstringique
1253 3266 1303 3311 me
1318 3265 1427 3312 earum

294 3351 423 3416 nexibus
451 3351 552 3434 magis
575 3352 674 3434 cupio,
703 3369 797 3433 quam
819 3351 943 3431 resolui,
973 3351 1086 3433 quibus
1110 3354 1141 3415 et
1163 3368 1220 3416 uos
1242 3351 1427 3417 constrictos

242 3483 268 3522 ro
295 3474 362 3520 esse
386 3455 515 3520 confido.
553 3455 753 3520 redeuntibus
776 3456 880 3538 itaque
903 3454 992 3520 uobis
1015 3455 1101 3520 saluo
1124 3456 1336 3540 largissimum
1358 3455 1427 3520 dico

295 3564 326 3624 et
355 3579 391 3623 er
418 3558 562 3623 omnibus
585 3559 702 3642 gratias
726 3577 821 3644 agens
845 3559 1034 3641 derelinquo,
1065 3577 1144 3642 quae
1167 3559 1207 3623 ad
1228 3560 1427 3644 praeconium

294 3667 434 3728 uestmm
456 3663 622 3747 pertinent.
669 3663 780 3728 idcirco
804 3683 853 3728 me
877 3663 1001 3728 siluisse
1025 3661 1177 3748 significo,
1207 3664 1279 3745 quia
1300 3663 1332 3727 in
1355 3681 1428 3746 pro-

336 3865 353 3917 4
371 3861 492 3917 sublimis
510 3864 608 3920 omisso
627 3865 654 3916 et
673 3864 702 3930 S,
719 3861 916 3917 sublimissimis
934 3881 950 3918 o
1001 3865 1017 3918 5
1036 3862 1155 3916 namacio
1174 3863 1198 3919 S
1252 3865 1268 3918 6
1286 3862 1427 3932 antiqui-

294 3950 426 4018 conspicio
445 3950 484 4020 et]
503 3952 537 4019 cf.
551 3951 645 4006 Rroa'c.
659 3951 697 4005 ΙΙ
710 3954 745 4005 10
797 3953 879 4019 lego
897 3968 977 4006 omo
1028 3949 1222 4006 9residisseS
1271 3948 1428 4004 absensibus

295 4062 332 4117 8¹
350 4079 418 4117 corr.
473 4065 506 4119 10
523 4063 658 4132 integrum
676 4065 755 4132 infru
773 4063 853 4118 1110
904 4063 970 4116 mihi
987 4081 1011 4130 o,
1030 4079 1072 4117 me
1093 4063 1174 4120 SKr.
1229 4064 1259 4118 ll
1274 4029 1430 4120 reuersusS

296 4150 328 4204 12
346 4149 398 4201 mei
416 4148 493 4203 uobis
510 4152 617 4220 scripsi,
634 4166 676 4204 me
694 4147 768 4203 iubes
787 4150 817 4216 S,
835 4165 877 4202 me
896 4149 971 4204 uobis
989 4151 1040 4204 Kr.
1054 4167 1087 4206 ec
1104 4153 1179 4220 epist.
1192 4151 1230 4205 H
1238 4153 1273 4205 10
1325 4147 1427 4204 abstul-

294 4235 398 4292 lirsed
462 4239 493 4293 13
512 4237 683 4306 conspitioS
744 4239 775 4293 15
794 4235 890 4289 diuisio
908 4255 924 4291 o
941 4239 973 4290 ia
989 4238 1069 4304 actis,
1089 4236 1222 4294 diuinoS
1283 4239 1316 4293 18
1334 4251 1428 4291 eorum

295 4323 373 4380 SKr.
445 4325 477 4380 19
500 4323 705 4380 constrictusS
773 4324 806 4378 20
829 4321 904 4376 uobis
926 4324 1032 4393 scripsi,
1055 4323 1198 4379 nescies
1264 4325 1298 4378 22
1317 4319 1376 4376 uisu
1397 4325 1429 4392 S,

295 4413 450 4466 nostrumo
