3264 5134
308 487 351 551 84
771 487 791 540 Ι.
811 487 856 540 De
873 487 981 555 gratia

308 663 494 746 primordiis,
526 663 580 726 sed
603 663 765 726 dumtaxat
786 663 818 726 in
841 662 950 726 mediis
972 662 1089 747 gratias
1112 661 1262 743 speciales
1284 664 1315 725 et
1337 679 1373 724 ex
1395 677 1447 724 ac-

309 767 431 831 cedenti
459 767 605 850 largitate
636 768 797 831 uenientes
828 767 973 830 uoluntas
1005 769 1112 830 nostra
1138 765 1195 829 deo
1217 766 1261 830 ita
1283 765 1446 830 ordinante

308 872 481 954 praecedat.
516 875 622 936 utrum
645 872 690 936 ita
713 872 763 952 sit,
788 889 877 935 sacra
899 872 1125 954 interrogemus
1149 870 1279 952 eloquia.
1313 869 1446 952 legimus

308 977 341 1040 in
364 976 526 1060 euangelio
550 977 704 1041 dicentem
728 977 903 1041 domnum:
934 976 1021 1058 quid
1051 975 1121 1041 tibi
1147 975 1204 1039 uis
1227 974 1383 1038 faciam?
1414 977 1448 1036 et

271 1081 437 1147 aiterum:
468 1081 525 1144 uis
554 1099 665 1146 sanus
695 1081 805 1145 fieri?
851 1081 948 1160 uides,
979 1081 1137 1162 quianon
1161 1079 1308 1143 tribuitur
1332 1094 1446 1142 munus

311 1185 431 1265 salutis,
463 1185 522 1248 nisi
551 1185 637 1268 prius
665 1185 873 1269 interrogetur
900 1177 1087 1248 desiderium
1109 1183 1290 1248 uoluntatis.
1336 1181 1391 1246 sed
1415 1183 1447 1244 et

308 1307 380 1352 oum
403 1288 527 1353 uenitur
559 1289 597 1352 ad
627 1288 830 1372 baptismum,
860 1289 946 1371 prius
975 1288 1151 1353 accedentis
1174 1288 1320 1352 uoluntas
1344 1285 1447 1367 inqui·

307 1394 396 1473 ritur,
428 1397 463 1458 ut
492 1395 707 1478 regenerantis
739 1395 840 1478 gratia
870 1393 1085 1476 subsequatur.
1138 1395 1169 1457 et
1201 1393 1232 1456 in
1266 1390 1446 1456 centurione

309 1497 461 1578 Cornelio,
492 1499 564 1581 quia
591 1500 761 1582 praecessit
791 1500 937 1564 uoluntas
964 1499 1107 1582 gratiam,
1138 1496 1207 1562 ideo
1229 1494 1392 1578 praeuenit
1414 1497 1447 1558 et

257 1629 282 1668 ιο
308 1603 409 1687 gratia
441 1604 717 1686 regenerationem.
774 1603 852 1668 nihil
885 1602 950 1685 hic,
985 1607 1020 1667 ut
1053 1603 1174 1684 opinor,
1207 1600 1327 1665 redolet
1358 1617 1446 1683 prae-

309 1706 508 1790 sumptionis,
544 1725 614 1770 cum
646 1713 677 1772 et
706 1708 765 1772 hoc
794 1707 898 1790 ipsum
928 1705 1154 1772 incessabiliter
1184 1722 1332 1785 asseram,
1364 1703 1446 1784 quod

308 1810 365 1874 deo
396 1811 497 1892 ipsam
528 1811 657 1876 debeam
689 1812 893 1892 uoluntatem,
925 1811 1108 1896 praesertim
1138 1829 1208 1874 cum
1238 1810 1270 1874 in
1300 1806 1445 1873 omnibus

309 1914 375 1977 eius
407 1915 542 1978 motibus
573 1915 613 1979 ad
643 1933 720 1998 opus
750 1917 871 2000 gratiae
902 1917 1035 1980 referam
1058 1915 1109 1980 uel
1131 1913 1335 1979 inchoationis
1358 1911 1446 1976 initia

309 2019 361 2082 uel
383 2019 659 2084 consummationis
684 2024 829 2085 extrema.

258 2149 282 2189 1⁵
351 2121 514 2186 Abraham
537 2141 659 2206 quoque
683 2144 719 2188 cx
741 2125 845 2189 media
859 2125 1033 2209 gentilitate
1049 2123 1249 2208 progrediens
1265 2140 1326 2187 non
1342 2121 1444 2186 solum

309 2243 380 2290 cum
411 2227 496 2290 omni
526 2228 644 2294 familia
670 2229 788 2293 snaed
812 2229 945 2294 salutem
968 2232 1107 2308 uocatur,-
1139 2228 1309 2292 sedetiam
1339 2229 1445 2308 pater

309 2331 509 2394 multarum
541 2332 709 2414 gentium
733 2333 910 2398 testimonio
933 2333 1030 2416 ipsius
1053 2333 1194 2397 ueritatis
1217 2330 1360 2396 eflicitur.
1406 2330 1444 2393 de

309 2435 358 2498 dei
387 2435 526 2500 bonitate
557 2439 614 2517 est,
648 2438 730 2519 quod
760 2441 903 2519 uocatur,
938 2438 975 2501 de
1005 2437 1129 2521 propria
1158 2437 1330 2516 uoluntate,
1364 2433 1445 2516 quod

309 2543 472 2623 promptus
496 2541 686 2624 obsequitur.
725 2541 781 2606 Iob
806 2559 927 2625 quoquc
951 2543 1018 2606 sina
1041 2541 1137 2606 animi
1159 2540 1302 2605 libertate
1325 2539 1445 2602 incum-

257 2672 283 2711 ιο
309 2643 396 2708 benti
420 2645 453 2709 in
476 2664 509 2709 se
533 2645 613 2710 hosti
637 2663 699 2710 non
720 2647 875 2728 potuisset
898 2646 1060 2726 obsistere,
1084 2645 1139 2710 sed
1161 2645 1262 2728 iungit
1282 2642 1445 2727 magnani-

310 2749 453 2813 mitatem
483 2749 583 2814 cordis
613 2769 685 2814 cum
720 2751 831 2815 auxilio
866 2751 1059 2834 protectoris
1106 2767 1142 2814 ac
1171 2749 1217 2814 sic
1250 2748 1369 2813 iustitia
1396 2766 1445 2810 re·

310 2854 504 2918 munerantis
539 2855 734 2919 deuotioncm
764 2856 932 2939 pugnantis
963 2854 1107 2919 ostendit.
1151 2855 1184 2918 in
1211 2852 1341 2936 spiritali
1363 2851 1445 2916 bello

309 2957 353 3022 ita
383 2958 421 3022 ed
451 2959 584 3024 hominis
615 2959 752 3024 laborem
780 2960 901 3024 uidetur
923 2959 1077 3042 pertinere
1101 2957 1273 3038 conflictus,
1304 2957 1384 3021 siout
1406 2954 1446 3019 ad

310 3062 403 3126 deum
433 3063 565 3126 refertur
596 3067 736 3128 euentus.
783 3065 899 3129 amicos
930 3081 1053 3147 quoque
1083 3062 1138 3142 Iob
1167 3081 1203 3127 ex
1225 3060 1369 3146 gentibus
1391 3079 1446 3124 ne-

258 3190 283 3230 as
310 3166 393 3229 nisse
426 3167 563 3230 nondum
596 3169 811 3252 promulgatae
846 3169 925 3252 legis
961 3172 1084 3252 tempus
1118 3166 1256 3232 ostendit
1291 3169 1336 3246 et,
1371 3164 1446 3228 dnm

217 3287 222 3297 ·
310 3288 365 3352 pro
389 3270 433 3334 eis
457 3271 540 3334 idem
556 3271 611 3336 Iob
635 3272 842 3356 praecipiente
867 3273 991 3338 domino
1015 3272 1207 3355 supplicasse
1230 3273 1261 3335 et
1284 3269 1446 3334 exauditus

311 3393 379 3438 esse
411 3379 611 3457 memoratur,
642 3377 690 3440 his
720 3395 841 3459 quoque
872 3377 974 3442 adhuc
1004 3377 1035 3440 in
1062 3377 1237 3460 gentilitate
1267 3372 1446 3439 uiuentibus

311 3479 395 3542 salus
419 3479 595 3544 indubitata
617 3480 783 3546 confertur.
828 3481 938 3547 Rahab
962 3499 1084 3563 quoque
1106 3481 1138 3544 in
1165 3484 1289 3544 tantum
1313 3477 1447 3544 nationis

310 3583 487 3666 gentiliciae
518 3584 592 3665 fuit,
626 3589 662 3649 ut
696 3604 730 3649 er
766 3587 911 3670 gentibus
946 3585 1180 3669 congregandae
1214 3588 1323 3667 typum
1356 3599 1448 3665 prae·

259 3713 285 3752 eo
311 3688 407 3752 ferret
441 3689 597 3753 ecclesiae.
643 3689 720 3754 haec
758 3690 851 3755 etiam
887 3691 918 3754 in
954 3690 1089 3755 salutem
1128 3707 1198 3754 cum
1237 3689 1322 3753 omni
1354 3687 1447 3752 domo

415 3939 443 4010 4]
463 3939 543 3994 Marc.
559 3942 599 4006 10,
613 3943 654 3997 51.
708 3939 736 4010 5]
755 3939 847 3995 Ioann.
861 3944 884 4005 5,
898 3943 921 3996 6.
979 3941 1022 4010 16]
1041 3939 1108 3996 Gen.
1123 3943 1162 4004 17,
1175 3941 1199 3995 4.

357 4173 521 4242 lgratiaP
582 4175 673 4230 5fieri
691 4191 805 4230 sanuso
865 4175 1008 4231 tcornilic
1027 4176 1055 4229 P
1114 4177 1146 4232 14
1165 4141 1403 4229 consummationes
1421 4175 1450 4229 P

314 4263 345 4316 15
368 4277 486 4328 quoquae
509 4263 537 4315 P
615 4266 646 4318 17
670 4263 789 4331 gentium
813 4264 841 4317 P
861 4265 903 4318 bis
982 4266 1013 4318 19
1036 4266 1158 4332 promtus
1182 4265 1209 4317 P
1280 4278 1398 4330 quoquae
1421 4263 1450 4317 P

311 4349 345 4402 20
364 4347 573 4415 magnitatemn
642 4351 675 4405 24
694 4365 813 4419 quoquae
831 4350 860 4403 P
926 4352 960 4407 25
978 4352 1083 4419 tempus
1101 4369 1150 4406 om.
1170 4369 1186 4405 o
1255 4352 1289 4405 26
1307 4351 1344 4403 eis
1363 4349 1447 4419 idem]

312 4433 445 4489 eisdema·
497 4437 530 4490 27
549 4451 668 4504 quoquae
688 4439 715 4491 P
769 4439 802 4492 28
821 4452 938 4505 quoquae
957 4439 984 4491 P
