3264 5134
317 473 359 538 80
779 475 801 528 I.
821 475 864 528 De
882 475 992 544 gretia

318 650 466 732 exemplis
488 650 717 733 praestringere
741 668 797 715 nos
821 653 953 733 oportet,
977 651 1085 732 quanti
1109 654 1181 716 ante
1203 650 1306 736 legem
1332 651 1454 716 litterae

318 753 478 818 erudiente
498 755 567 838 lege
583 759 722 834 naturae,
746 773 826 837 quae
849 755 961 838 prima,
985 759 1020 820 ut
1043 756 1186 836 diximus
1210 757 1259 820 dei
1281 757 1383 840 gratia
1398 759 1454 836 est,

317 856 474 922 uestibula
502 859 610 923 salutis
634 859 819 924 intrauerint
841 879 896 942 per
917 859 1076 924 Christum
1104 861 1143 925 ad
1166 861 1234 945 ipsa
1256 861 1339 925 uitae
1362 879 1454 943 pene-

318 961 407 1026 tralia
429 962 627 1043 perducendi.
993 1029 999 1042 ,

278 1093 291 1132 e
361 1064 419 1130 Sed
453 1064 531 1152 <dei>
565 1085 689 1150 quoque
725 1069 756 1132 in
791 1069 895 1134 locum
929 1068 1009 1134 Abel
1046 1088 1167 1134 morum
1203 1088 1239 1134 ec
1273 1070 1453 1134 meritorum

317 1170 517 1235 similitudine
541 1172 729 1237 substitutus
752 1173 834 1237 unde
857 1175 987 1257 profana
1007 1175 1111 1239 fratris
1131 1175 1275 1238 instituta
1298 1193 1453 1257 respuere,

317 1274 399 1339 unde
422 1275 551 1340 meliora
573 1277 727 1360 potuisset
750 1278 874 1361 eligere,
897 1278 956 1341 nisi
980 1297 1051 1342 euru
1074 1279 1106 1342 in
1129 1279 1212 1342 uiam
1233 1281 1351 1342 rectam
1365 1277 1455 1342 intel·

316 1379 417 1443 lectus
441 1383 471 1443 et
492 1381 570 1444 ratio
594 1381 766 1462 direxisset,
789 1400 851 1463 qua
873 1382 950 1444 duce
971 1385 1095 1446 sanctas
1115 1382 1295 1472 traditiones
1316 1386 1348 1446 et
1367 1400 1454 1465 prae-

317 1482 465 1546 dicabiles
496 1484 673 1567 disciplinas
703 1486 790 1550 uelut
818 1484 1039 1550 hereditarium
1069 1486 1390 1550 munusatransmisit
1417 1485 1454 1549 ad

155 1679 157 1684 ,
267 1613 291 1652 ro
317 1591 468 1670 posterae,
499 1592 534 1652 ut
563 1591 747 1673 angelorum
777 1591 826 1654 uel
857 1589 994 1654 filiorum
1025 1590 1073 1654 dei
1104 1591 1230 1654 nomine
1257 1609 1312 1674 per
1340 1591 1454 1654 multas

317 1695 520 1756 censerentur
543 1696 685 1758 aetates?
723 1694 792 1776 quis
816 1694 939 1759 dubitet
962 1695 1141 1759 innumeras
1166 1695 1232 1758 eius
1248 1695 1383 1759 familias
1399 1695 1454 1758 deo

317 1797 458 1878 placitae,
481 1796 625 1862 libertate
649 1797 771 1862 arbitrii
800 1798 956 1881 praeditas
985 1802 1016 1863 et
1038 1819 1075 1863 ex
1097 1798 1245 1883 gentibus
1275 1799 1372 1863 fuisse
1395 1799 1455 1863 sal·

317 1904 417 1981 uates,
449 1901 486 1966 de
510 1901 623 1984 quibus
645 1903 736 1985 pauci
759 1903 938 1984 admodum,
970 1903 1024 1966 sed
1047 1903 1122 1968 clari
1146 1906 1238 1992 atque
1264 1903 1395 1986 perfecti
1418 1903 1456 1966 ad

316 2005 591 2070 inluminationem
614 2007 731 2070 saeculi
755 2007 851 2071 sacris
874 2007 1047 2089 produntur
1062 2008 1213 2089 eloquiis?
1250 2007 1332 2071 unde
1348 2006 1455 2071 Enoch

265 2133 290 2174 rs
317 2126 388 2173 cum
419 2108 476 2173 deo
506 2110 668 2175 ambulare
698 2111 749 2176 uel
780 2112 837 2176 deo
867 2113 990 2193 plaeere
1019 2112 1182 2194 potuisset,
1213 2112 1273 2178 nisi
1303 2131 1376 2175 eum
1406 2112 1454 2174 ler

317 2212 488 2278 uisceribus
511 2214 615 2279 infusa
637 2217 755 2280 secreto
779 2216 958 2299 magisterio
982 2216 1201 2280 inluminasset
1215 2217 1247 2279 in
1263 2219 1397 2295 tentum,
1420 2218 1455 2278 ut

317 2317 395 2381 nihil
426 2320 586 2382 terrenum
613 2319 737 2401 sapiens
760 2319 944 2384 mirabiliter
967 2338 986 2384 a
1008 2324 1089 2384 terra
1112 2319 1169 2384 deo
1199 2320 1383 2384 adsumente
1406 2337 1454 2382 ra-

316 2424 463 2504 peretur?
500 2423 554 2505 qui
585 2423 660 2486 dum
689 2423 760 2488 fidei
792 2425 903 2488 merito
926 2425 958 2488 in
982 2425 1082 2507 prima
1105 2425 1219 2488 saeculi
1242 2425 1325 2488 illius
1353 2427 1454 2489 aetate

317 2529 436 2590 ceteros
459 2527 629 2608 antecellit,
653 2526 747 2592 fidem
769 2529 871 2611 ipsam
893 2547 965 2592 cum
986 2529 1056 2612 lege
1079 2534 1209 2593 naturae
1232 2528 1292 2592 sibi
1307 2528 1452 2592 traditam

264 2657 290 2696 eo
318 2630 414 2694 luisse
437 2631 609 2715 perdocuit,
634 2633 715 2696 sicut
729 2633 879 2716 legimus:
903 2632 980 2696 lide
1003 2632 1128 2724 Enoclr
1152 2634 1360 2697 translatus
1384 2636 1452 2712 est,

317 2738 443 2799 utnon
458 2736 605 2800 uideret
621 2741 785 2810 mortem.
824 2740 912 2801 ante
927 2737 1219 2801 translationem
1237 2737 1333 2802 enim
1348 2736 1452 2800 testi-

316 2839 479 2904 monium
502 2839 636 2904 habuit
658 2841 847 2924 placuisse
871 2841 945 2905 deo.
985 2841 1065 2904 sine
1087 2841 1162 2905 fide
1186 2844 1310 2905 autem
1333 2841 1453 2922 inpos·

317 2942 428 3006 sibile
460 2947 516 3008 est
545 2945 693 3028 placere
724 2945 800 3010 deo.
840 2945 989 3010 credere
1019 2948 1142 3010 autem
1173 2949 1321 3028 oportet
1354 2962 1452 3008 acce-

316 3046 464 3111 dentem
499 3047 542 3112 ad
576 3048 697 3130 deum,
736 3050 822 3131 quia
856 3053 913 3114 est
951 3053 987 3113 et
1019 3049 1299 3132 inquirentibus
1333 3068 1371 3114 se
1408 3049 1453 3114 fit

264 3176 289 3216 ιι
316 3155 583 3217 remunerator.
622 3153 684 3218 nisi
713 3154 890 3218 uoluntaria
920 3154 1083 3218 deuotione
1111 3159 1142 3218 et
1164 3153 1336 3218 intentione
1359 3171 1452 3236 quae-

316 3258 445 3337 reretur,
475 3257 759 3322 remunerationem
789 3258 909 3323 homini
939 3276 1000 3322 non
1028 3259 1171 3338 deferret,
1203 3247 1313 3322 nisi'ei
1336 3257 1452 3340 aliquid

316 3361 485 3443 proprium,
516 3362 598 3426 unde
628 3365 734 3444 posset
761 3363 896 3445 placere,
927 3363 1099 3427 tribuisset.
1138 3362 1212 3426 dum
1235 3366 1342 3426 autem
1365 3362 1452 3426 dicit:

317 3468 402 3528 ante
418 3466 708 3532 translationem
725 3467 821 3531 enim
838 3467 1098 3532 testimonium
1114 3465 1245 3530 habuit
1264 3467 1452 3549 placuisse

317 3568 397 3650 deo,
421 3568 552 3635 dubium
575 3589 637 3636 non
661 3574 717 3652 cst,
741 3572 822 3653 quod
845 3572 929 3655 prius
945 3572 1011 3636 uita
1032 3572 1225 3636 examinetur
1240 3575 1271 3635 et
1286 3572 1329 3634 sic
1345 3571 1453 3636 electio

420 3742 465 3812 20]
486 3743 566 3798 Hebr.
588 3747 628 3808 ll,
641 3747 665 3799 5,

359 3898 441 3955 5dei
463 3901 575 3968 addidi,
598 3918 648 3955 cm.
672 3901 705 3968 P,
733 3901 822 3956 hece
892 3916 1010 3970 quoquae
1034 3903 1061 3956 P
1129 3901 1225 3957 locon
1294 3904 1454 3971 brespuere

315 3988 421 4056 scripsi,
441 3989 576 4055 respueret
594 3988 622 4043 P
685 3987 789 4042 lunda
806 3989 914 4057 scripsi,
932 3988 994 4041 inde
1012 3990 1040 4042 P
1103 3989 1203 4058 elegere
1221 3989 1250 4043 P
1312 3989 1341 4042 in
1358 4007 1408 4045 om.
1428 3989 1457 4044 P

318 4075 350 4129 13
373 4073 433 4143 adq:
452 4075 480 4128 P
558 4077 590 4130 14
612 4075 703 4129 Enoch
725 4077 836 4146 scripsi,
859 4077 886 4128 in
905 4076 955 4130 hoc
974 4079 1007 4144 P,
1030 4077 1101 4130 enim
1120 4077 1246 4132 lluocbv
1299 4079 1349 4132 ’19
1370 4075 1454 4130 tradi·

316 4164 374 4214 tum
394 4163 430 4215 Ρι
491 4165 525 4217 20
543 4161 702 4230 perdocetv
762 4178 826 4216 enoc
845 4164 873 4217 P
932 4166 967 4218 22
985 4162 1134 4232 inpossibili
1152 4165 1180 4218 P
1241 4166 1276 4219 24
1298 4163 1330 4217 nt
1346 4163 1455 4232 addidi,

316 4265 366 4304 om.
380 4249 413 4310 P,
427 4247 490 4304 site
541 4251 574 4304 25
589 4249 768 4303 uoluntariam
782 4249 982 4306 deuotionemu
1033 4251 1238 4307 intentioneme
1289 4255 1455 4320 quaaoeretv

316 4337 350 4392 26
371 4334 497 4404 deferret]
516 4339 543 4389 et
561 4336 624 4390 add.
643 4355 659 4392 u
710 4340 743 4391 27
763 4337 912 4406 proprium]
930 4338 1004 4406 prius
1023 4357 1039 4394 n
1095 4343 1183 4407 posset
1200 4341 1307 4408 scepei,
1326 4338 1411 4407 possit
1429 4340 1457 4393 P

317 4425 350 4478 29
369 4423 440 4476 uitae
460 4423 487 4477 P
