<?xml version="1.0" encoding="UTF-8"?>
<!DOCTYPE html PUBLIC "-//W3C//DTD XHTML 1.0 Transitional//EN"
    "http://www.w3.org/TR/xhtml1/DTD/xhtml1-transitional.dtd">
<html xmlns="http://www.w3.org/1999/xhtml" xml:lang="en" lang="en">
 <head>
  <title>
</title>
<meta http-equiv="Content-Type" content="text/html;charset=utf-8" />
  <meta name='ocr-system' content='tesseract 3.04.00' />
  <meta name='ocr-capabilities' content='ocr_page ocr_carea ocr_par ocr_line ocrx_word'/>
</head>
<body>
  <div class='ocr_page' id='page_1' title='image "./praetersermones01fausgoog/praetersermones01fausgoog_0320.png"; bbox 0 0 3222 5144; ppageno 0'>
   <div class='ocr_carea' id='block_1_1' title="bbox 643 487 1326 553">
    <p class='ocr_par' dir='ltr' id='par_1_1' title="bbox 643 487 1326 553">
     <span class='ocr_line' id='line_1_1' title="bbox 643 487 1326 553; baseline -0.001 -12"><span class='ocrx_word' id='word_1_1' title='bbox 643 488 832 542; x_wconf 81' lang='lat' dir='ltr'><strong>1111.Serm0</strong></span> <span class='ocrx_word' id='word_1_2' title='bbox 851 489 875 542; x_wconf 82' lang='lat' dir='ltr'><strong>a</strong></span> <span class='ocrx_word' id='word_1_3' title='bbox 1263 487 1326 553; x_wconf 79' lang='lat'><strong>233</strong></span> 
     </span>
    </p>
   </div>
   <div class='ocr_carea' id='block_1_2' title="bbox 186 660 1391 3676">
    <p class='ocr_par' dir='ltr' id='par_1_2' title="bbox 186 660 1384 1999">
     <span class='ocr_line' id='line_1_2' title="bbox 186 660 1327 747; baseline 0.002 -21"><span class='ocrx_word' id='word_1_4' title='bbox 186 660 287 726; x_wconf 85' lang='lat' dir='ltr'><strong>lectus</strong></span> <span class='ocrx_word' id='word_1_5' title='bbox 303 665 360 742; x_wconf 85' lang='lat' dir='ltr'><strong>est,</strong></span> <span class='ocrx_word' id='word_1_6' title='bbox 381 662 550 745; x_wconf 87' lang='lat' dir='ltr'><strong>pretiosa</strong></span> <span class='ocrx_word' id='word_1_7' title='bbox 565 664 613 728; x_wconf 90' lang='lat' dir='ltr'><strong>sit</strong></span> <span class='ocrx_word' id='word_1_8' title='bbox 628 663 665 728; x_wconf 91' lang='lat' dir='ltr'><strong>in</strong></span> <span class='ocrx_word' id='word_1_9' title='bbox 681 668 885 747; x_wconf 82' lang='lat' dir='ltr'><strong>conspeetu</strong></span> <span class='ocrx_word' id='word_1_10' title='bbox 901 663 1040 728; x_wconf 89' lang='lat' dir='ltr'><strong>demini</strong></span> <span class='ocrx_word' id='word_1_11' title='bbox 1060 681 1157 728; x_wconf 88' lang='lat' dir='ltr'><strong>mers</strong></span> <span class='ocrx_word' id='word_1_12' title='bbox 1181 667 1327 728; x_wconf 83' lang='lat' dir='ltr'><strong>saneto-</strong></span> 
     </span>
     <span class='ocr_line' id='line_1_3' title="bbox 186 765 1327 852; baseline 0.004 -24"><span class='ocrx_word' id='word_1_13' title='bbox 186 784 265 829; x_wconf 92' lang='lat' dir='ltr'><strong>rum</strong></span> <span class='ocrx_word' id='word_1_14' title='bbox 288 765 383 847; x_wconf 83' lang='lat' dir='ltr'><strong>eine,</strong></span> <span class='ocrx_word' id='word_1_15' title='bbox 407 766 530 848; x_wconf 89' lang='lat' dir='ltr'><strong>siquid</strong></span> <span class='ocrx_word' id='word_1_16' title='bbox 553 770 657 832; x_wconf 89' lang='lat' dir='ltr'><strong>tamen</strong></span> <span class='ocrx_word' id='word_1_17' title='bbox 683 767 798 834; x_wconf 88' lang='lat' dir='ltr'><strong>distare</strong></span> <span class='ocrx_word' id='word_1_18' title='bbox 821 768 903 832; x_wconf 90' lang='lat' dir='ltr'><strong>inter</strong></span> <span class='ocrx_word' id='word_1_19' title='bbox 926 770 1078 851; x_wconf 77' lang='lat' dir='ltr'>martyres</span> <span class='ocrx_word' id='word_1_20' title='bbox 1097 771 1213 852; x_wconf 85' lang='lat' dir='ltr'><strong>petest,</strong></span> <span class='ocrx_word' id='word_1_21' title='bbox 1237 787 1327 851; x_wconf 89' lang='lat' dir='ltr'><strong>prae-</strong></span> 
     </span>
     <span class='ocr_line' id='line_1_4' title="bbox 187 869 1328 956; baseline 0.004 -22"><span class='ocrx_word' id='word_1_22' title='bbox 187 869 297 953; x_wconf 80' lang='lat' dir='ltr'><strong>cipuus</strong></span> <span class='ocrx_word' id='word_1_23' title='bbox 328 871 486 935; x_wconf 88' lang='lat' dir='ltr'><strong>uideretur</strong></span> <span class='ocrx_word' id='word_1_24' title='bbox 516 891 585 937; x_wconf 92' lang='lat' dir='ltr'><strong>esse</strong></span> <span class='ocrx_word' id='word_1_25' title='bbox 616 891 690 956; x_wconf 86' lang='lat' dir='ltr'><strong>prae</strong></span> <span class='ocrx_word' id='word_1_26' title='bbox 722 872 882 954; x_wconf 84' lang='lat' dir='ltr'><strong>omnibus,</strong></span> <span class='ocrx_word' id='word_1_27' title='bbox 913 872 967 955; x_wconf 90' lang='lat' dir='ltr'><strong>qui</strong></span> <span class='ocrx_word' id='word_1_28' title='bbox 997 873 1116 955; x_wconf 89' lang='lat' dir='ltr'><strong>primus</strong></span> <span class='ocrx_word' id='word_1_29' title='bbox 1147 875 1203 936; x_wconf 91' lang='lat' dir='ltr'><strong>est.</strong></span> <span class='ocrx_word' id='word_1_30' title='bbox 1254 891 1328 938; x_wconf 90' lang='lat' dir='ltr'><strong>nam</strong></span> 
     </span>
     <span class='ocr_line' id='line_1_5' title="bbox 187 975 1328 1059; baseline 0.004 -22"><span class='ocrx_word' id='word_1_31' title='bbox 187 991 259 1038; x_wconf 83' lang='lat' dir='ltr'><strong>cunr</strong></span> <span class='ocrx_word' id='word_1_32' title='bbox 290 977 418 1040; x_wconf 88' lang='lat' dir='ltr'><strong>sanetus</strong></span> <span class='ocrx_word' id='word_1_33' title='bbox 448 975 625 1059; x_wconf 81' lang='lat' dir='ltr'><strong>Stephanus</strong></span> <span class='ocrx_word' id='word_1_34' title='bbox 657 977 805 1042; x_wconf 85' lang='lat' dir='ltr'><strong>diaeonus</strong></span> <span class='ocrx_word' id='word_1_35' title='bbox 837 977 875 1042; x_wconf 86' lang='lat' dir='ltr'><strong>ab</strong></span> <span class='ocrx_word' id='word_1_36' title='bbox 908 977 1055 1059; x_wconf 86' lang='lat' dir='ltr'><strong>apostolis</strong></span> <span class='ocrx_word' id='word_1_37' title='bbox 1086 977 1246 1042; x_wconf 87' lang='lat' dir='ltr'><strong>ordinatus</strong></span> <span class='ocrx_word' id='word_1_38' title='bbox 1277 978 1328 1057; x_wconf 89' lang='lat' dir='ltr'><strong>sit,</strong></span> 
     </span>
     <span class='ocr_line' id='line_1_6' title="bbox 187 1079 1368 1166; baseline 0 -23"><span class='ocrx_word' id='word_1_39' title='bbox 187 1079 343 1163; x_wconf 87' lang='lat' dir='ltr'><strong>apestolus</strong></span> <span class='ocrx_word' id='word_1_40' title='bbox 371 1080 455 1164; x_wconf 89' lang='lat' dir='ltr'><strong>ipsos</strong></span> <span class='ocrx_word' id='word_1_41' title='bbox 483 1080 575 1146; x_wconf 87' lang='lat' dir='ltr'><strong>beata</strong></span> <span class='ocrx_word' id='word_1_42' title='bbox 598 1099 634 1146; x_wconf 84' lang='lat' dir='ltr'><strong>ae</strong></span> <span class='ocrx_word' id='word_1_43' title='bbox 662 1081 844 1166; x_wconf 85' lang='lat' dir='ltr'><strong>triumphali</strong></span> <span class='ocrx_word' id='word_1_44' title='bbox 870 1085 970 1146; x_wconf 90' lang='lat' dir='ltr'><strong>morte</strong></span> <span class='ocrx_word' id='word_1_45' title='bbox 999 1081 1180 1164; x_wconf 78' lang='lat' dir='ltr'>praecessit.</span> <span class='ocrx_word' id='word_1_46' title='bbox 1226 1099 1262 1146; x_wconf 86' lang='lat' dir='ltr'><strong>ae</strong></span> <span class='ocrx_word' id='word_1_47' title='bbox 1285 1082 1329 1146; x_wconf 84' lang='lat' dir='ltr'><strong>sie</strong></span> <span class='ocrx_word' id='word_1_48' title='bbox 1355 1101 1368 1142; x_wconf 82' lang='lat' dir='ltr'><strong>s</strong></span> 
     </span>
     <span class='ocr_line' id='line_1_7' title="bbox 188 1184 1330 1270; baseline 0.004 -23"><span class='ocrx_word' id='word_1_49' title='bbox 188 1185 240 1266; x_wconf 91' lang='lat' dir='ltr'><strong>qui</strong></span> <span class='ocrx_word' id='word_1_50' title='bbox 263 1187 330 1248; x_wconf 83' lang='lat' dir='ltr'><strong>eret</strong></span> <span class='ocrx_word' id='word_1_51' title='bbox 352 1184 479 1250; x_wconf 84' lang='lat' dir='ltr'><strong>inferior</strong></span> <span class='ocrx_word' id='word_1_52' title='bbox 502 1186 617 1267; x_wconf 84' lang='lat' dir='ltr'><strong>ordine,</strong></span> <span class='ocrx_word' id='word_1_53' title='bbox 645 1186 764 1270; x_wconf 92' lang='lat' dir='ltr'><strong>primus</strong></span> <span class='ocrx_word' id='word_1_54' title='bbox 787 1187 889 1251; x_wconf 88' lang='lat' dir='ltr'><strong>faetus</strong></span> <span class='ocrx_word' id='word_1_55' title='bbox 913 1186 1016 1250; x_wconf 89' lang='lat' dir='ltr'><strong>estin</strong></span> <span class='ocrx_word' id='word_1_56' title='bbox 1043 1186 1187 1270; x_wconf 77' lang='lat' dir='ltr'>passione</span> <span class='ocrx_word' id='word_1_57' title='bbox 1212 1191 1252 1266; x_wconf 89' lang='lat' dir='ltr'><strong>et,</strong></span> <span class='ocrx_word' id='word_1_58' title='bbox 1277 1187 1330 1269; x_wconf 89' lang='lat' dir='ltr'><strong>qni</strong></span> 
     </span>
     <span class='ocr_line' id='line_1_8' title="bbox 189 1289 1329 1374; baseline 0.004 -22"><span class='ocrx_word' id='word_1_59' title='bbox 189 1293 256 1353; x_wconf 87' lang='lat' dir='ltr'><strong>erat</strong></span> <span class='ocrx_word' id='word_1_60' title='bbox 278 1289 448 1372; x_wconf 79' lang='lat' dir='ltr'><strong>discipulus</strong></span> <span class='ocrx_word' id='word_1_61' title='bbox 471 1291 580 1374; x_wconf 87' lang='lat' dir='ltr'><strong>gradu,</strong></span> <span class='ocrx_word' id='word_1_62' title='bbox 608 1291 758 1374; x_wconf 90' lang='lat' dir='ltr'><strong>magister</strong></span> <span class='ocrx_word' id='word_1_63' title='bbox 781 1291 883 1374; x_wconf 87' lang='lat' dir='ltr'><strong>eoepit</strong></span> <span class='ocrx_word' id='word_1_64' title='bbox 910 1309 978 1354; x_wconf 89' lang='lat' dir='ltr'><strong>esse</strong></span> <span class='ocrx_word' id='word_1_65' title='bbox 1005 1290 1154 1372; x_wconf 85' lang='lat' dir='ltr'><strong>martyrio</strong></span> <span class='ocrx_word' id='word_1_66' title='bbox 1182 1291 1329 1374; x_wconf 85' lang='lat' dir='ltr'><strong>eenpleus</strong></span> 
     </span>
     <span class='ocr_line' id='line_1_9' title="bbox 189 1394 1329 1480; baseline -0.001 -23"><span class='ocrx_word' id='word_1_67' title='bbox 189 1394 275 1474; x_wconf 83' lang='lat' dir='ltr'><strong>illud,</strong></span> <span class='ocrx_word' id='word_1_68' title='bbox 303 1395 385 1476; x_wconf 88' lang='lat' dir='ltr'><strong>qued</strong></span> <span class='ocrx_word' id='word_1_69' title='bbox 413 1394 523 1460; x_wconf 88' lang='lat' dir='ltr'><strong>beatus</strong></span> <span class='ocrx_word' id='word_1_70' title='bbox 551 1397 703 1480; x_wconf 88' lang='lat' dir='ltr'><strong>propheta</strong></span> <span class='ocrx_word' id='word_1_71' title='bbox 730 1397 762 1460; x_wconf 93' lang='lat' dir='ltr'><strong>in</strong></span> <span class='ocrx_word' id='word_1_72' title='bbox 789 1397 921 1479; x_wconf 88' lang='lat' dir='ltr'><strong>psalmo,</strong></span> <span class='ocrx_word' id='word_1_73' title='bbox 949 1396 1002 1478; x_wconf 89' lang='lat' dir='ltr'><strong>qui</strong></span> <span class='ocrx_word' id='word_1_74' title='bbox 1029 1396 1129 1460; x_wconf 82' lang='lat' dir='ltr'><strong>leatus</strong></span> <span class='ocrx_word' id='word_1_75' title='bbox 1153 1400 1211 1476; x_wconf 90' lang='lat' dir='ltr'><strong>est,</strong></span> <span class='ocrx_word' id='word_1_76' title='bbox 1239 1396 1329 1460; x_wconf 83' lang='lat' dir='ltr'>dixit:</span> 
     </span>
     <span class='ocr_line' id='line_1_10' title="bbox 190 1498 1332 1583; baseline 0.002 -21"><span class='ocrx_word' id='word_1_77' title='bbox 190 1499 278 1580; x_wconf 89' lang='lat' dir='ltr'><strong>quid</strong></span> <span class='ocrx_word' id='word_1_78' title='bbox 306 1498 514 1564; x_wconf 78' lang='lat' dir='ltr'><strong>retribuam</strong></span> <span class='ocrx_word' id='word_1_79' title='bbox 542 1501 689 1566; x_wconf 84' lang='lat' dir='ltr'><strong>domine</strong></span> <span class='ocrx_word' id='word_1_80' title='bbox 716 1519 779 1583; x_wconf 89' lang='lat' dir='ltr'><strong>pru</strong></span> <span class='ocrx_word' id='word_1_81' title='bbox 807 1499 996 1581; x_wconf 85' lang='lat' dir='ltr'><strong>omnibus,</strong></span> <span class='ocrx_word' id='word_1_82' title='bbox 1027 1519 1121 1583; x_wconf 90' lang='lat' dir='ltr'><strong>quae</strong></span> <span class='ocrx_word' id='word_1_83' title='bbox 1149 1499 1332 1565; x_wconf 74' lang='lat' dir='ltr'><strong>retribuit</strong></span> 
     </span>
     <span class='ocr_line' id='line_1_11' title="bbox 190 1601 1384 1689; baseline -0.001 -24"><span class='ocrx_word' id='word_1_84' title='bbox 190 1601 306 1666; x_wconf 81' lang='lat' dir='ltr'><strong>mihi?</strong></span> <span class='ocrx_word' id='word_1_85' title='bbox 329 1601 499 1668; x_wconf 90' lang='lat' dir='ltr'><strong>retribuere</strong></span> <span class='ocrx_word' id='word_1_86' title='bbox 516 1605 601 1669; x_wconf 90' lang='lat' dir='ltr'><strong>eninr</strong></span> <span class='ocrx_word' id='word_1_87' title='bbox 616 1605 737 1688; x_wconf 91' lang='lat' dir='ltr'><strong>primus</strong></span> <span class='ocrx_word' id='word_1_88' title='bbox 754 1606 853 1670; x_wconf 86' lang='lat' dir='ltr'><strong>uoluit</strong></span> <span class='ocrx_word' id='word_1_89' title='bbox 867 1603 1044 1689; x_wconf 79' lang='lat' dir='ltr'><strong>Stephanus</strong></span> <span class='ocrx_word' id='word_1_90' title='bbox 1061 1609 1179 1688; x_wconf 83' lang='lat' dir='ltr'><strong>martyr</strong></span> <span class='ocrx_word' id='word_1_91' title='bbox 1195 1605 1331 1684; x_wconf 87' lang='lat' dir='ltr'><strong>domine,</strong></span> <span class='ocrx_word' id='word_1_92' title='bbox 1360 1625 1384 1664; x_wconf 85' lang='lat' dir='ltr'><strong>ro</strong></span> 
     </span>
     <span class='ocr_line' id='line_1_12' title="bbox 191 1707 1331 1794; baseline 0.003 -24"><span class='ocrx_word' id='word_1_93' title='bbox 191 1707 273 1790; x_wconf 88' lang='lat' dir='ltr'><strong>qnod</strong></span> <span class='ocrx_word' id='word_1_94' title='bbox 300 1725 372 1772; x_wconf 87' lang='lat' dir='ltr'><strong>eum</strong></span> <span class='ocrx_word' id='word_1_95' title='bbox 400 1709 485 1772; x_wconf 90' lang='lat' dir='ltr'><strong>ernni</strong></span> <span class='ocrx_word' id='word_1_96' title='bbox 515 1709 652 1774; x_wconf 89' lang='lat' dir='ltr'><strong>humanu</strong></span> <span class='ocrx_word' id='word_1_97' title='bbox 679 1729 793 1794; x_wconf 86' lang='lat' dir='ltr'><strong>genere</strong></span> <span class='ocrx_word' id='word_1_98' title='bbox 821 1710 941 1792; x_wconf 83' lang='lat' dir='ltr'><strong>aceepit</strong></span> <span class='ocrx_word' id='word_1_99' title='bbox 969 1728 987 1774; x_wconf 93' lang='lat' dir='ltr'><strong>a</strong></span> <span class='ocrx_word' id='word_1_100' title='bbox 1014 1709 1147 1774; x_wconf 87' lang='lat' dir='ltr'><strong>domine.</strong></span> <span class='ocrx_word' id='word_1_101' title='bbox 1197 1715 1331 1774; x_wconf 90' lang='lat' dir='ltr'><strong>mortem</strong></span> 
     </span>
     <span class='ocr_line' id='line_1_13' title="bbox 191 1811 1331 1898; baseline 0.003 -23"><span class='ocrx_word' id='word_1_102' title='bbox 191 1811 285 1892; x_wconf 89' lang='lat' dir='ltr'><strong>enim,</strong></span> <span class='ocrx_word' id='word_1_103' title='bbox 309 1830 403 1894; x_wconf 90' lang='lat' dir='ltr'><strong>quarn</strong></span> <span class='ocrx_word' id='word_1_104' title='bbox 427 1813 573 1897; x_wconf 87' lang='lat' dir='ltr'><strong>dignatus</strong></span> <span class='ocrx_word' id='word_1_105' title='bbox 597 1817 645 1878; x_wconf 89' lang='lat' dir='ltr'><strong>est</strong></span> <span class='ocrx_word' id='word_1_106' title='bbox 668 1815 805 1878; x_wconf 83' lang='lat' dir='ltr'><strong>seinater</strong></span> <span class='ocrx_word' id='word_1_107' title='bbox 827 1831 882 1897; x_wconf 87' lang='lat' dir='ltr'><strong>pre</strong></span> <span class='ocrx_word' id='word_1_108' title='bbox 906 1813 1052 1878; x_wconf 88' lang='lat' dir='ltr'><strong>omnibus</strong></span> <span class='ocrx_word' id='word_1_109' title='bbox 1075 1817 1151 1898; x_wconf 91' lang='lat' dir='ltr'><strong>pati,</strong></span> <span class='ocrx_word' id='word_1_110' title='bbox 1174 1813 1255 1878; x_wconf 87' lang='lat' dir='ltr'><strong>hane</strong></span> <span class='ocrx_word' id='word_1_111' title='bbox 1279 1813 1331 1878; x_wconf 90' lang='lat' dir='ltr'><strong>ille</strong></span> 
     </span>
     <span class='ocr_line' id='line_1_14' title="bbox 190 1917 648 1999; baseline 0.009 -19"><span class='ocrx_word' id='word_1_112' title='bbox 190 1917 312 1999; x_wconf 91' lang='lat' dir='ltr'><strong>primus</strong></span> <span class='ocrx_word' id='word_1_113' title='bbox 334 1917 468 1982; x_wconf 86' lang='lat' dir='ltr'><strong>reddidit</strong></span> <span class='ocrx_word' id='word_1_114' title='bbox 491 1920 648 1984; x_wconf 82' lang='lat' dir='ltr'><strong>saluatori.</strong></span> 
     </span>
    </p>

    <p class='ocr_par' dir='ltr' id='par_1_3' title="bbox 194 2021 1391 3676">
     <span class='ocr_line' id='line_1_15' title="bbox 235 2021 1333 2107; baseline 0.001 -22"><span class='ocrx_word' id='word_1_115' title='bbox 235 2021 312 2086; x_wconf 89' lang='lat' dir='ltr'><strong>Post</strong></span> <span class='ocrx_word' id='word_1_116' title='bbox 334 2021 411 2086; x_wconf 86' lang='lat' dir='ltr'><strong>haee</strong></span> <span class='ocrx_word' id='word_1_117' title='bbox 434 2023 566 2088; x_wconf 79' lang='lat' dir='ltr'><strong>subiecit</strong></span> <span class='ocrx_word' id='word_1_118' title='bbox 588 2025 740 2107; x_wconf 82' lang='lat' dir='ltr'><strong>scriptura</strong></span> <span class='ocrx_word' id='word_1_119' title='bbox 763 2042 852 2088; x_wconf 87' lang='lat' dir='ltr'><strong>saera</strong></span> <span class='ocrx_word' id='word_1_120' title='bbox 874 2027 906 2087; x_wconf 93' lang='lat' dir='ltr'><strong>et</strong></span> <span class='ocrx_word' id='word_1_121' title='bbox 928 2023 986 2087; x_wconf 90' lang='lat' dir='ltr'><strong>ait:</strong></span> <span class='ocrx_word' id='word_1_122' title='bbox 1014 2021 1149 2104; x_wconf 85' lang='lat' dir='ltr'><strong>positis</strong></span> <span class='ocrx_word' id='word_1_123' title='bbox 1173 2022 1333 2107; x_wconf 85' lang='lat' dir='ltr'><strong>genibus</strong></span> 
     </span>
     <span class='ocr_line' id='line_1_16' title="bbox 194 2126 1386 2211; baseline -0.003 -21"><span class='ocrx_word' id='word_1_124' title='bbox 194 2126 376 2191; x_wconf 85' lang='lat' dir='ltr'><strong>clamauit</strong></span> <span class='ocrx_word' id='word_1_125' title='bbox 400 2127 542 2192; x_wconf 82' lang='lat' dir='ltr'><strong>disens:</strong></span> <span class='ocrx_word' id='word_1_126' title='bbox 572 2129 733 2209; x_wconf 87' lang='lat' dir='ltr'><strong>domine,</strong></span> <span class='ocrx_word' id='word_1_127' title='bbox 762 2148 804 2192; x_wconf 89' lang='lat' dir='ltr'><strong>ne</strong></span> <span class='ocrx_word' id='word_1_128' title='bbox 828 2132 975 2192; x_wconf 86' lang='lat' dir='ltr'><strong>statuas</strong></span> <span class='ocrx_word' id='word_1_129' title='bbox 998 2127 1079 2192; x_wconf 89' lang='lat' dir='ltr'><strong>illis</strong></span> <span class='ocrx_word' id='word_1_130' title='bbox 1102 2128 1170 2192; x_wconf 87' lang='lat' dir='ltr'><strong>hee</strong></span> <span class='ocrx_word' id='word_1_131' title='bbox 1192 2127 1229 2190; x_wconf 92' lang='lat' dir='ltr'><strong>in</strong></span> <span class='ocrx_word' id='word_1_132' title='bbox 1252 2145 1334 2211; x_wconf 84' lang='lat' dir='ltr'><strong>pee—</strong></span> <span class='ocrx_word' id='word_1_133' title='bbox 1363 2146 1386 2187; x_wconf 83' lang='lat' dir='ltr'><strong>rs</strong></span> 
     </span>
     <span class='ocr_line' id='line_1_17' title="bbox 194 2231 1334 2314; baseline 0.001 -20"><span class='ocrx_word' id='word_1_134' title='bbox 194 2235 326 2296; x_wconf 83' lang='lat' dir='ltr'><strong>uatum.</strong></span> <span class='ocrx_word' id='word_1_135' title='bbox 359 2233 472 2314; x_wconf 84' lang='lat' dir='ltr'><strong>uidete,</strong></span> <span class='ocrx_word' id='word_1_136' title='bbox 497 2233 691 2298; x_wconf 78' lang='lat' dir='ltr'><strong>dilectissimi</strong></span> <span class='ocrx_word' id='word_1_137' title='bbox 713 2233 837 2312; x_wconf 80' lang='lat' dir='ltr'><strong>fratres,</strong></span> <span class='ocrx_word' id='word_1_138' title='bbox 861 2231 1008 2296; x_wconf 76' lang='lat' dir='ltr'><strong>affectum</strong></span> <span class='ocrx_word' id='word_1_139' title='bbox 1032 2231 1116 2296; x_wconf 89' lang='lat' dir='ltr'><strong>beati</strong></span> <span class='ocrx_word' id='word_1_140' title='bbox 1139 2232 1206 2312; x_wconf 85' lang='lat' dir='ltr'><strong>uiri,</strong></span> <span class='ocrx_word' id='word_1_141' title='bbox 1230 2231 1334 2296; x_wconf 88' lang='lat' dir='ltr'><strong>uidete</strong></span> 
     </span>
     <span class='ocr_line' id='line_1_18' title="bbox 196 2336 1336 2420; baseline -0.001 -21"><span class='ocrx_word' id='word_1_142' title='bbox 196 2353 344 2420; x_wconf 89' lang='lat' dir='ltr'><strong>magnam</strong></span> <span class='ocrx_word' id='word_1_143' title='bbox 368 2341 400 2401; x_wconf 92' lang='lat' dir='ltr'><strong>et</strong></span> <span class='ocrx_word' id='word_1_144' title='bbox 422 2337 599 2402; x_wconf 85' lang='lat' dir='ltr'><strong>mirabilem</strong></span> <span class='ocrx_word' id='word_1_145' title='bbox 623 2338 794 2402; x_wconf 85' lang='lat' dir='ltr'><strong>caritatem.</strong></span> <span class='ocrx_word' id='word_1_146' title='bbox 833 2337 864 2401; x_wconf 92' lang='lat' dir='ltr'><strong>iu</strong></span> <span class='ocrx_word' id='word_1_147' title='bbox 887 2336 1102 2419; x_wconf 87' lang='lat' dir='ltr'><strong>perseeutione</strong></span> <span class='ocrx_word' id='word_1_148' title='bbox 1125 2336 1245 2420; x_wconf 87' lang='lat' dir='ltr'><strong>pesitus</strong></span> <span class='ocrx_word' id='word_1_149' title='bbox 1269 2339 1336 2399; x_wconf 89' lang='lat' dir='ltr'><strong>erat</strong></span> 
     </span>
     <span class='ocr_line' id='line_1_19' title="bbox 196 2440 1335 2524; baseline -0.001 -20"><span class='ocrx_word' id='word_1_150' title='bbox 196 2445 228 2504; x_wconf 92' lang='lat' dir='ltr'><strong>et</strong></span> <span class='ocrx_word' id='word_1_151' title='bbox 257 2459 313 2523; x_wconf 87' lang='lat' dir='ltr'><strong>pre</strong></span> <span class='ocrx_word' id='word_1_152' title='bbox 345 2441 597 2523; x_wconf 79' lang='lat' dir='ltr'><strong>persecutoribus</strong></span> <span class='ocrx_word' id='word_1_153' title='bbox 630 2442 753 2506; x_wconf 89' lang='lat' dir='ltr'><strong>domine</strong></span> <span class='ocrx_word' id='word_1_154' title='bbox 787 2440 984 2524; x_wconf 88' lang='lat' dir='ltr'><strong>subplieabat</strong></span> <span class='ocrx_word' id='word_1_155' title='bbox 1014 2444 1106 2522; x_wconf 91' lang='lat' dir='ltr'><strong>atque</strong></span> <span class='ocrx_word' id='word_1_156' title='bbox 1134 2440 1166 2504; x_wconf 93' lang='lat' dir='ltr'><strong>in</strong></span> <span class='ocrx_word' id='word_1_157' title='bbox 1196 2440 1335 2521; x_wconf 88' lang='lat' dir='ltr'><strong>lapidum</strong></span> 
     </span>
     <span class='ocr_line' id='line_1_20' title="bbox 196 2543 1336 2629; baseline -0.002 -21"><span class='ocrx_word' id='word_1_158' title='bbox 196 2544 294 2625; x_wconf 87' lang='lat' dir='ltr'><strong>ruina,</strong></span> <span class='ocrx_word' id='word_1_159' title='bbox 318 2545 440 2627; x_wconf 87' lang='lat' dir='ltr'><strong>quando</strong></span> <span class='ocrx_word' id='word_1_160' title='bbox 463 2547 541 2610; x_wconf 90' lang='lat' dir='ltr'><strong>alins</strong></span> <span class='ocrx_word' id='word_1_161' title='bbox 558 2546 698 2610; x_wconf 86' lang='lat' dir='ltr'><strong>obliuisci</strong></span> <span class='ocrx_word' id='word_1_162' title='bbox 721 2550 843 2629; x_wconf 88' lang='lat' dir='ltr'><strong>poterat</strong></span> <span class='ocrx_word' id='word_1_163' title='bbox 866 2545 961 2610; x_wconf 88' lang='lat' dir='ltr'><strong>etiam</strong></span> <span class='ocrx_word' id='word_1_164' title='bbox 984 2545 1161 2608; x_wconf 80' lang='lat' dir='ltr'><strong>carissimos</strong></span> <span class='ocrx_word' id='word_1_165' title='bbox 1178 2561 1260 2624; x_wconf 87' lang='lat' dir='ltr'><strong>sues,</strong></span> <span class='ocrx_word' id='word_1_166' title='bbox 1283 2543 1336 2606; x_wconf 85' lang='lat' dir='ltr'><strong>ilie</strong></span> 
     </span>
     <span class='ocr_line' id='line_1_21' title="bbox 197 2647 1389 2732; baseline -0.003 -20"><span class='ocrx_word' id='word_1_167' title='bbox 197 2648 321 2714; x_wconf 87' lang='lat' dir='ltr'><strong>dominu</strong></span> <span class='ocrx_word' id='word_1_168' title='bbox 345 2650 584 2714; x_wconf 83' lang='lat' dir='ltr'><strong>commendabat</strong></span> <span class='ocrx_word' id='word_1_169' title='bbox 607 2651 759 2714; x_wconf 82' lang='lat' dir='ltr'><strong>inimices.</strong></span> <span class='ocrx_word' id='word_1_170' title='bbox 805 2649 879 2732; x_wconf 90' lang='lat' dir='ltr'><strong>qnid</strong></span> <span class='ocrx_word' id='word_1_171' title='bbox 902 2649 985 2714; x_wconf 88' lang='lat' dir='ltr'><strong>enim</strong></span> <span class='ocrx_word' id='word_1_172' title='bbox 1009 2647 1140 2729; x_wconf 78' lang='lat' dir='ltr'><strong>dicebat,</strong></span> <span class='ocrx_word' id='word_1_173' title='bbox 1163 2667 1235 2712; x_wconf 88' lang='lat' dir='ltr'><strong>eum</strong></span> <span class='ocrx_word' id='word_1_174' title='bbox 1257 2647 1336 2731; x_wconf 86' lang='lat' dir='ltr'><strong>lapi·</strong></span> <span class='ocrx_word' id='word_1_175' title='bbox 1362 2667 1389 2708; x_wconf 77' lang='lat' dir='ltr'><strong>ro</strong></span> 
     </span>
     <span class='ocr_line' id='line_1_22' title="bbox 198 2752 1336 2836; baseline -0.001 -19"><span class='ocrx_word' id='word_1_176' title='bbox 198 2753 343 2818; x_wconf 80' lang='lat' dir='ltr'><strong>daretur?</strong></span> <span class='ocrx_word' id='word_1_177' title='bbox 378 2755 513 2835; x_wconf 87' lang='lat' dir='ltr'><strong>demine,</strong></span> <span class='ocrx_word' id='word_1_178' title='bbox 537 2775 576 2819; x_wconf 93' lang='lat' dir='ltr'><strong>ne</strong></span> <span class='ocrx_word' id='word_1_179' title='bbox 600 2759 720 2819; x_wconf 89' lang='lat' dir='ltr'><strong>statuas</strong></span> <span class='ocrx_word' id='word_1_180' title='bbox 743 2755 804 2818; x_wconf 84' lang='lat' dir='ltr'><strong>illis</strong></span> <span class='ocrx_word' id='word_1_181' title='bbox 826 2754 933 2819; x_wconf 79' lang='lat' dir='ltr'><strong>hocin</strong></span> <span class='ocrx_word' id='word_1_182' title='bbox 955 2757 1129 2836; x_wconf 82' lang='lat' dir='ltr'><strong>peecatum.</strong></span> <span class='ocrx_word' id='word_1_183' title='bbox 1164 2753 1234 2836; x_wconf 90' lang='lat' dir='ltr'><strong>plus</strong></span> <span class='ocrx_word' id='word_1_184' title='bbox 1251 2752 1336 2816; x_wconf 89' lang='lat' dir='ltr'><strong>enim</strong></span> 
     </span>
     <span class='ocr_line' id='line_1_23' title="bbox 197 2857 1337 2943; baseline -0.004 -20"><span class='ocrx_word' id='word_1_185' title='bbox 197 2863 274 2923; x_wconf 86' lang='lat' dir='ltr'><strong>tune</strong></span> <span class='ocrx_word' id='word_1_186' title='bbox 301 2859 425 2923; x_wconf 89' lang='lat' dir='ltr'><strong>illerum</strong></span> <span class='ocrx_word' id='word_1_187' title='bbox 449 2859 575 2924; x_wconf 87' lang='lat' dir='ltr'><strong>delebat</strong></span> <span class='ocrx_word' id='word_1_188' title='bbox 600 2864 729 2943; x_wconf 81' lang='lat' dir='ltr'><strong>peccam</strong></span> <span class='ocrx_word' id='word_1_189' title='bbox 751 2877 845 2941; x_wconf 90' lang='lat' dir='ltr'><strong>quam</strong></span> <span class='ocrx_word' id='word_1_190' title='bbox 869 2876 926 2922; x_wconf 87' lang='lat' dir='ltr'><strong>sua</strong></span> <span class='ocrx_word' id='word_1_191' title='bbox 950 2858 1090 2938; x_wconf 87' lang='lat' dir='ltr'><strong>uulnera,</strong></span> <span class='ocrx_word' id='word_1_192' title='bbox 1117 2857 1187 2940; x_wconf 90' lang='lat' dir='ltr'><strong>plus</strong></span> <span class='ocrx_word' id='word_1_193' title='bbox 1211 2857 1337 2920; x_wconf 86' lang='lat' dir='ltr'><strong>illorum</strong></span> 
     </span>
     <span class='ocr_line' id='line_1_24' title="bbox 195 2961 1337 3046; baseline -0.002 -20"><span class='ocrx_word' id='word_1_194' title='bbox 195 2963 389 3046; x_wconf 78' lang='lat' dir='ltr'><strong>impietatem</strong></span> <span class='ocrx_word' id='word_1_195' title='bbox 413 2982 507 3046; x_wconf 86' lang='lat' dir='ltr'><strong>quam</strong></span> <span class='ocrx_word' id='word_1_196' title='bbox 537 2983 626 3028; x_wconf 90' lang='lat' dir='ltr'><strong>suam</strong></span> <span class='ocrx_word' id='word_1_197' title='bbox 657 2967 799 3028; x_wconf 91' lang='lat' dir='ltr'><strong>mortem.</strong></span> <span class='ocrx_word' id='word_1_198' title='bbox 845 2967 876 3027; x_wconf 90' lang='lat' dir='ltr'><strong>et</strong></span> <span class='ocrx_word' id='word_1_199' title='bbox 905 2965 988 3026; x_wconf 88' lang='lat' dir='ltr'><strong>reete</strong></span> <span class='ocrx_word' id='word_1_200' title='bbox 1018 2962 1098 3045; x_wconf 92' lang='lat' dir='ltr'><strong>plns.</strong></span> <span class='ocrx_word' id='word_1_201' title='bbox 1150 2962 1181 3024; x_wconf 96' lang='lat' dir='ltr'><strong>in</strong></span> <span class='ocrx_word' id='word_1_202' title='bbox 1213 2961 1337 3026; x_wconf 83' lang='lat' dir='ltr'><strong>iliorum</strong></span> 
     </span>
     <span class='ocr_line' id='line_1_25' title="bbox 196 3065 1337 3151; baseline -0.004 -19"><span class='ocrx_word' id='word_1_203' title='bbox 196 3067 311 3151; x_wconf 88' lang='lat' dir='ltr'><strong>quippe</strong></span> <span class='ocrx_word' id='word_1_204' title='bbox 341 3068 503 3150; x_wconf 89' lang='lat' dir='ltr'><strong>impietate</strong></span> <span class='ocrx_word' id='word_1_205' title='bbox 531 3074 620 3132; x_wconf 91' lang='lat' dir='ltr'><strong>erant</strong></span> <span class='ocrx_word' id='word_1_206' title='bbox 650 3069 760 3148; x_wconf 87' lang='lat' dir='ltr'><strong>multa,</strong></span> <span class='ocrx_word' id='word_1_207' title='bbox 793 3085 872 3150; x_wconf 88' lang='lat' dir='ltr'><strong>quae</strong></span> <span class='ocrx_word' id='word_1_208' title='bbox 896 3065 1012 3130; x_wconf 88' lang='lat' dir='ltr'><strong>debent</strong></span> <span class='ocrx_word' id='word_1_209' title='bbox 1042 3065 1159 3150; x_wconf 82' lang='lat' dir='ltr'><strong>plangi,</strong></span> <span class='ocrx_word' id='word_1_210' title='bbox 1192 3066 1223 3128; x_wconf 92' lang='lat' dir='ltr'><strong>in</strong></span> <span class='ocrx_word' id='word_1_211' title='bbox 1254 3065 1337 3129; x_wconf 91' lang='lat' dir='ltr'><strong>illius</strong></span> 
     </span>
     <span class='ocr_line' id='line_1_26' title="bbox 196 3169 1391 3255; baseline -0.003 -21"><span class='ocrx_word' id='word_1_212' title='bbox 196 3175 303 3235; x_wconf 88' lang='lat' dir='ltr'><strong>autem</strong></span> <span class='ocrx_word' id='word_1_213' title='bbox 328 3175 428 3236; x_wconf 86' lang='lat' dir='ltr'><strong>morte</strong></span> <span class='ocrx_word' id='word_1_214' title='bbox 451 3191 512 3238; x_wconf 88' lang='lat' dir='ltr'><strong>nen</strong></span> <span class='ocrx_word' id='word_1_215' title='bbox 537 3177 634 3254; x_wconf 88' lang='lat' dir='ltr'><strong>erant,</strong></span> <span class='ocrx_word' id='word_1_216' title='bbox 659 3190 736 3255; x_wconf 84' lang='lat' dir='ltr'><strong>quae</strong></span> <span class='ocrx_word' id='word_1_217' title='bbox 759 3171 854 3236; x_wconf 89' lang='lat' dir='ltr'><strong>doleri</strong></span> <span class='ocrx_word' id='word_1_218' title='bbox 878 3171 1037 3236; x_wconf 89' lang='lat' dir='ltr'><strong>deberent.</strong></span> <span class='ocrx_word' id='word_1_219' title='bbox 1081 3169 1205 3234; x_wconf 90' lang='lat' dir='ltr'><strong>illorum</strong></span> <span class='ocrx_word' id='word_1_220' title='bbox 1229 3169 1338 3252; x_wconf 91' lang='lat' dir='ltr'><strong>impie·</strong></span> <span class='ocrx_word' id='word_1_221' title='bbox 1365 3191 1391 3232; x_wconf 78' lang='lat' dir='ltr'><strong>ss</strong></span> 
     </span>
     <span class='ocr_line' id='line_1_27' title="bbox 196 3274 1340 3360; baseline -0.003 -20"><span class='ocrx_word' id='word_1_222' title='bbox 196 3279 296 3340; x_wconf 87' lang='lat' dir='ltr'><strong>tatem</strong></span> <span class='ocrx_word' id='word_1_223' title='bbox 321 3295 405 3341; x_wconf 88' lang='lat' dir='ltr'><strong>mers</strong></span> <span class='ocrx_word' id='word_1_224' title='bbox 422 3276 610 3360; x_wconf 90' lang='lat' dir='ltr'><strong>sequebatur</strong></span> <span class='ocrx_word' id='word_1_225' title='bbox 626 3281 763 3357; x_wconf 86' lang='lat' dir='ltr'><strong>aeterna,</strong></span> <span class='ocrx_word' id='word_1_226' title='bbox 786 3277 879 3340; x_wconf 89' lang='lat' dir='ltr'><strong>huius</strong></span> <span class='ocrx_word' id='word_1_227' title='bbox 896 3279 1001 3340; x_wconf 88' lang='lat' dir='ltr'><strong>autem</strong></span> <span class='ocrx_word' id='word_1_228' title='bbox 1024 3279 1157 3340; x_wconf 88' lang='lat' dir='ltr'><strong>mertem</strong></span> <span class='ocrx_word' id='word_1_229' title='bbox 1181 3274 1248 3338; x_wconf 92' lang='lat' dir='ltr'><strong>uita</strong></span> <span class='ocrx_word' id='word_1_230' title='bbox 1269 3291 1340 3356; x_wconf 90' lang='lat' dir='ltr'><strong>per·</strong></span> 
     </span>
     <span class='ocr_line' id='line_1_28' title="bbox 196 3379 1339 3466; baseline -0.003 -22"><span class='ocrx_word' id='word_1_231' title='bbox 196 3385 302 3464; x_wconf 88' lang='lat' dir='ltr'><strong>petua.</strong></span> <span class='ocrx_word' id='word_1_232' title='bbox 337 3381 497 3446; x_wconf 86' lang='lat' dir='ltr'><strong>imitemur</strong></span> <span class='ocrx_word' id='word_1_233' title='bbox 520 3400 593 3466; x_wconf 87' lang='lat' dir='ltr'><strong>ergo</strong></span> <span class='ocrx_word' id='word_1_234' title='bbox 616 3383 646 3446; x_wconf 92' lang='lat' dir='ltr'><strong>in</strong></span> <span class='ocrx_word' id='word_1_235' title='bbox 669 3383 781 3465; x_wconf 85' lang='lat' dir='ltr'><strong>alique,</strong></span> <span class='ocrx_word' id='word_1_236' title='bbox 806 3379 1001 3446; x_wconf 77' lang='lat' dir='ltr'><strong>dilectissimi</strong></span> <span class='ocrx_word' id='word_1_237' title='bbox 1023 3379 1146 3459; x_wconf 83' lang='lat' dir='ltr'><strong>fratres,</strong></span> <span class='ocrx_word' id='word_1_238' title='bbox 1169 3379 1249 3442; x_wconf 87' lang='lat' dir='ltr'><strong>tanti</strong></span> <span class='ocrx_word' id='word_1_239' title='bbox 1272 3395 1339 3442; x_wconf 92' lang='lat' dir='ltr'><strong>ma-</strong></span> 
     </span>
     <span class='ocr_line' id='line_1_29' title="bbox 196 3481 1340 3570; baseline -0.003 -21"><span class='ocrx_word' id='word_1_240' title='bbox 196 3485 289 3570; x_wconf 81' lang='lat' dir='ltr'><strong>gistri</strong></span> <span class='ocrx_word' id='word_1_241' title='bbox 312 3485 415 3567; x_wconf 83' lang='lat' dir='ltr'><strong>fidem,</strong></span> <span class='ocrx_word' id='word_1_242' title='bbox 439 3491 505 3550; x_wconf 88' lang='lat' dir='ltr'><strong>tarn</strong></span> <span class='ocrx_word' id='word_1_243' title='bbox 528 3487 679 3568; x_wconf 83' lang='lat' dir='ltr'><strong>praeclari</strong></span> <span class='ocrx_word' id='word_1_244' title='bbox 703 3485 848 3570; x_wconf 85' lang='lat' dir='ltr'><strong>martyris</strong></span> <span class='ocrx_word' id='word_1_245' title='bbox 871 3485 1043 3550; x_wconf 83' lang='lat' dir='ltr'><strong>caritatem.</strong></span> <span class='ocrx_word' id='word_1_246' title='bbox 1091 3483 1257 3567; x_wconf 88' lang='lat' dir='ltr'><strong>diligamns</strong></span> <span class='ocrx_word' id='word_1_247' title='bbox 1281 3481 1340 3546; x_wconf 88' lang='lat' dir='ltr'><strong>hoe</strong></span> 
     </span>
     <span class='ocr_line' id='line_1_30' title="bbox 198 3587 1338 3676; baseline -0.004 -22"><span class='ocrx_word' id='word_1_248' title='bbox 198 3591 304 3655; x_wconf 85' lang='lat' dir='ltr'><strong>anime</strong></span> <span class='ocrx_word' id='word_1_249' title='bbox 326 3589 357 3655; x_wconf 93' lang='lat' dir='ltr'><strong>in</strong></span> <span class='ocrx_word' id='word_1_250' title='bbox 374 3591 504 3656; x_wconf 83' lang='lat' dir='ltr'><strong>eeclesia</strong></span> <span class='ocrx_word' id='word_1_251' title='bbox 526 3592 638 3656; x_wconf 84' lang='lat' dir='ltr'><strong>fratres</strong></span> <span class='ocrx_word' id='word_1_252' title='bbox 655 3595 789 3672; x_wconf 85' lang='lat' dir='ltr'><strong>nostroe,</strong></span> <span class='ocrx_word' id='word_1_253' title='bbox 813 3607 873 3673; x_wconf 89' lang='lat' dir='ltr'><strong>qno</strong></span> <span class='ocrx_word' id='word_1_254' title='bbox 889 3591 946 3676; x_wconf 61' lang='lat' dir='ltr'><strong>‚ille</strong></span> <span class='ocrx_word' id='word_1_255' title='bbox 968 3592 1043 3654; x_wconf 89' lang='lat' dir='ltr'><strong>tune</strong></span> <span class='ocrx_word' id='word_1_256' title='bbox 1059 3588 1165 3653; x_wconf 83' lang='lat' dir='ltr'><strong>dilexit</strong></span> <span class='ocrx_word' id='word_1_257' title='bbox 1186 3587 1338 3652; x_wconf 77' lang='lat' dir='ltr'><strong>inimicos.</strong></span> 
     </span>
    </p>
   </div>
   <div class='ocr_carea' id='block_1_3' title="bbox 306 3831 1175 3902">
    <p class='ocr_par' dir='ltr' id='par_1_4' title="bbox 306 3831 1175 3902">
     <span class='ocr_line' id='line_1_31' title="bbox 306 3831 1175 3902; baseline -0.007 -14"><span class='ocrx_word' id='word_1_258' title='bbox 306 3833 332 3902; x_wconf 84' lang='lat'><strong>1]</strong></span> <span class='ocrx_word' id='word_1_259' title='bbox 351 3831 577 3896; x_wconf 85' lang='lat' dir='ltr'>Psslm.115‚15.</span> <span class='ocrx_word' id='word_1_260' title='bbox 630 3833 658 3902; x_wconf 84' lang='grc'><strong>9]</strong></span> <span class='ocrx_word' id='word_1_261' title='bbox 678 3831 777 3886; x_wconf 86' lang='lat' dir='ltr'><strong>Psalm.</strong></span> <span class='ocrx_word' id='word_1_262' title='bbox 793 3836 850 3896; x_wconf 89' lang='lat'>115,</span> <span class='ocrx_word' id='word_1_263' title='bbox 866 3835 905 3887; x_wconf 84' lang='lat'><strong>12.</strong></span> <span class='ocrx_word' id='word_1_264' title='bbox 962 3831 1005 3900; x_wconf 73' lang='lat'><strong>14]</strong></span> <span class='ocrx_word' id='word_1_265' title='bbox 1025 3831 1083 3884; x_wconf 80' lang='lat' dir='ltr'><strong>Act.</strong></span> <span class='ocrx_word' id='word_1_266' title='bbox 1099 3833 1122 3892; x_wconf 89' lang='grc'><strong>7,</strong></span> <span class='ocrx_word' id='word_1_267' title='bbox 1136 3833 1175 3884; x_wconf 82' lang='grc'><strong>59.</strong></span> 
     </span>
    </p>
   </div>
   <div class='ocr_carea' id='block_1_4' title="bbox 199 4035 1342 4227">
    <p class='ocr_par' dir='ltr' id='par_1_5' title="bbox 199 4035 1342 4227">
     <span class='ocr_line' id='line_1_32' title="bbox 243 4035 1341 4138; baseline -0.008 -14"><span class='ocrx_word' id='word_1_268' title='bbox 243 4067 472 4138; x_wconf 66' lang='grc' dir='ltr'>4111110113Β1</span> <span class='ocrx_word' id='word_1_269' title='bbox 526 4035 698 4122; x_wconf 58' lang='grc'>0111111111)</span> <span class='ocrx_word' id='word_1_270' title='bbox 755 4069 827 4124; x_wconf 74' lang='lat' dir='ltr'><strong>berit</strong></span> <span class='ocrx_word' id='word_1_271' title='bbox 845 4075 907 4122; x_wconf 81' lang='lat' dir='ltr'><strong>ante</strong></span> <span class='ocrx_word' id='word_1_272' title='bbox 925 4072 982 4118; x_wconf 88' lang='lat' dir='ltr'><strong>erat</strong></span> <span class='ocrx_word' id='word_1_273' title='bbox 1000 4083 1105 4120; x_wconf 75' lang='lat' dir='ltr'><strong>erasum</strong></span> <span class='ocrx_word' id='word_1_274' title='bbox 1124 4065 1196 4118; x_wconf 79' lang='lat' dir='ltr'><strong>iaD</strong></span> <span class='ocrx_word' id='word_1_275' title='bbox 1255 4067 1341 4118; x_wconf 69' lang='lat' dir='ltr'><strong>icae·</strong></span> 
     </span>
     <span class='ocr_line' id='line_1_33' title="bbox 199 4151 1342 4227; baseline -0.005 -17"><span class='ocrx_word' id='word_1_276' title='bbox 199 4157 241 4227; x_wconf 92' lang='lat' dir='ltr'><strong>pit</strong></span> <span class='ocrx_word' id='word_1_277' title='bbox 264 4158 293 4211; x_wconf 91' lang='grc'>1)</span> <span class='ocrx_word' id='word_1_278' title='bbox 350 4159 439 4224; x_wconf 87' lang='lat' dir='ltr'><strong>9que</strong></span> <span class='ocrx_word' id='word_1_279' title='bbox 462 4156 492 4210; x_wconf 92' lang='lat' dir='ltr'><em>D</em></span> <span class='ocrx_word' id='word_1_280' title='bbox 550 4155 747 4211; x_wconf 73' lang='lat' dir='ltr'><strong>repartiri)</strong></span> <span class='ocrx_word' id='word_1_281' title='bbox 801 4159 830 4210; x_wconf 95' lang='grc'><strong>11</strong></span> <span class='ocrx_word' id='word_1_282' title='bbox 852 4153 949 4221; x_wconf 82' lang='lat' dir='ltr'><strong>accipit</strong></span> <span class='ocrx_word' id='word_1_283' title='bbox 966 4154 996 4207; x_wconf 87' lang='lat' dir='ltr'><strong><em>D</em></strong></span> <span class='ocrx_word' id='word_1_284' title='bbox 1053 4155 1084 4207; x_wconf 91' lang='lat'><strong>15</strong></span> <span class='ocrx_word' id='word_1_285' title='bbox 1102 4151 1299 4222; x_wconf 81' lang='lat' dir='ltr'><strong>heesapraeer.</strong></span> <span class='ocrx_word' id='word_1_286' title='bbox 1314 4151 1342 4204; x_wconf 90' lang='lat' dir='ltr'><strong>l)</strong></span> 
     </span>
    </p>
   </div>
   <div class='ocr_carea' id='block_1_5' title="bbox 200 4235 1342 4500">
    <p class='ocr_par' dir='ltr' id='par_1_6' title="bbox 200 4235 1342 4500">
     <span class='ocr_line' id='line_1_34' title="bbox 203 4235 1342 4338; baseline -0.011 -12"><span class='ocrx_word' id='word_1_287' title='bbox 203 4273 235 4326; x_wconf 77' lang='lat' dir='ltr'><strong>itt</strong></span> <span class='ocrx_word' id='word_1_288' title='bbox 254 4269 406 4323; x_wconf 88' lang='lat' dir='ltr'><strong>dilectisimi</strong></span> <span class='ocrx_word' id='word_1_289' title='bbox 420 4271 449 4324; x_wconf 89' lang='grc'>1)</span> <span class='ocrx_word' id='word_1_290' title='bbox 505 4273 535 4326; x_wconf 82' lang='lat'><strong>18</strong></span> <span class='ocrx_word' id='word_1_291' title='bbox 554 4235 756 4338; x_wconf 65' lang='lat' dir='ltr'><strong>subplieabitD</strong></span> <span class='ocrx_word' id='word_1_292' title='bbox 809 4266 937 4335; x_wconf 89' lang='lat' dir='ltr'><strong>adqneD</strong></span> <span class='ocrx_word' id='word_1_293' title='bbox 990 4265 1017 4318; x_wconf 91' lang='lat' dir='ltr'><strong>iu</strong></span> <span class='ocrx_word' id='word_1_294' title='bbox 1036 4265 1118 4320; x_wconf 80' lang='lat' dir='ltr'><strong>Dbr&#39;s</strong></span> <span class='ocrx_word' id='word_1_295' title='bbox 1173 4267 1204 4320; x_wconf 89' lang='grc'>19</span> <span class='ocrx_word' id='word_1_296' title='bbox 1223 4262 1342 4316; x_wconf 87' lang='lat' dir='ltr'><strong>runial)</strong></span> 
     </span>
     <span class='ocr_line' id='line_1_35' title="bbox 201 4351 1340 4426; baseline -0.011 -12"><span class='ocrx_word' id='word_1_297' title='bbox 201 4359 236 4414; x_wconf 77' lang='lat'><strong>24</strong></span> <span class='ocrx_word' id='word_1_298' title='bbox 254 4373 304 4426; x_wconf 85' lang='lat' dir='ltr'><strong>qne</strong></span> <span class='ocrx_word' id='word_1_299' title='bbox 323 4357 352 4412; x_wconf 91' lang='lat' dir='ltr'><em>D</em></span> <span class='ocrx_word' id='word_1_300' title='bbox 415 4358 564 4424; x_wconf 72' lang='lat' dir='ltr'><strong>nsquam</strong></span> <span class='ocrx_word' id='word_1_301' title='bbox 629 4355 711 4410; x_wconf 87' lang='lat' dir='ltr'><strong>doleri</strong></span> <span class='ocrx_word' id='word_1_302' title='bbox 731 4356 808 4410; x_wconf 75' lang='lat' dir='ltr'><strong>Mas.</strong></span> <span class='ocrx_word' id='word_1_303' title='bbox 827 4361 852 4408; x_wconf 83' lang='lat' dir='ltr'><strong>et</strong></span> <span class='ocrx_word' id='word_1_304' title='bbox 870 4355 950 4423; x_wconf 66' lang='lat' dir='ltr'><strong>Aug,</strong></span> <span class='ocrx_word' id='word_1_305' title='bbox 969 4351 1058 4406; x_wconf 83' lang='lat' dir='ltr'><strong>dolore</strong></span> <span class='ocrx_word' id='word_1_306' title='bbox 1079 4353 1107 4406; x_wconf 85' lang='lat' dir='ltr'><strong><em>D</em></strong></span> <span class='ocrx_word' id='word_1_307' title='bbox 1181 4351 1215 4406; x_wconf 86' lang='grc'><strong>26</strong></span> <span class='ocrx_word' id='word_1_308' title='bbox 1233 4365 1340 4419; x_wconf 87' lang='lat' dir='ltr'><strong>sequae-</strong></span> 
     </span>
     <span class='ocr_line' id='line_1_36' title="bbox 200 4439 1083 4500; baseline -0.002 -2"><span class='ocrx_word' id='word_1_309' title='bbox 200 4444 280 4498; x_wconf 85' lang='lat' dir='ltr'><strong>batur</strong></span> <span class='ocrx_word' id='word_1_310' title='bbox 300 4445 327 4500; x_wconf 82' lang='lat'><strong>1)</strong></span> <span class='ocrx_word' id='word_1_311' title='bbox 383 4445 417 4500; x_wconf 83' lang='lat'><strong>27</strong></span> <span class='ocrx_word' id='word_1_312' title='bbox 436 4443 576 4497; x_wconf 87' lang='lat' dir='ltr'><strong>emiternur</strong></span> <span class='ocrx_word' id='word_1_313' title='bbox 595 4445 624 4498; x_wconf 74' lang='grc' dir='ltr'><strong>Ι)</strong></span> <span class='ocrx_word' id='word_1_314' title='bbox 676 4443 704 4496; x_wconf 87' lang='grc'><strong>11</strong></span> <span class='ocrx_word' id='word_1_315' title='bbox 724 4443 753 4498; x_wconf 87' lang='lat' dir='ltr'><em>D</em></span> <span class='ocrx_word' id='word_1_316' title='bbox 771 4443 811 4498; x_wconf 82' lang='lat' dir='ltr'><strong>bie</strong></span> <span class='ocrx_word' id='word_1_317' title='bbox 864 4445 898 4498; x_wconf 79' lang='grc'><strong>28</strong></span> <span class='ocrx_word' id='word_1_318' title='bbox 917 4439 1035 4494; x_wconf 84' lang='lat' dir='ltr'><strong>martiris</strong></span> <span class='ocrx_word' id='word_1_319' title='bbox 1053 4440 1083 4496; x_wconf 90' lang='lat' dir='ltr'><em>D</em></span> 
     </span>
    </p>
   </div>
   <div class='ocr_carea' id='block_1_6' title="bbox 0 0 1637 5144">
    <p class='ocr_par' dir='ltr' id='par_1_7' title="bbox 0 0 1637 5144">
     <span class='ocr_line' id='line_1_37' title="bbox 0 0 1637 5144; baseline 0 0"><span class='ocrx_word' id='word_1_320' title='bbox 0 0 1637 5144; x_wconf 95' lang='lat' dir='ltr'><strong> </strong></span> 
     </span>
    </p>
   </div>
  </div>
 </body>
</html>
