3268 5142
624 488 689 542 ΠΙῙ.
709 489 819 542 Sermo
837 491 879 544 26.
1257 489 1320 554 329

182 665 284 749 magis
316 665 518 749 reprehendo,
553 665 617 746 qui,
652 683 723 729 cum
752 665 854 747 parati
883 664 999 730 luerint
1028 665 1178 745 ieiunare,
1212 669 1321 748 postea

181 787 279 852 quam
302 769 457 834 audierint
479 769 716 849 sollemnitates,
741 768 923 852 ambiguum
947 770 1151 853 neglexerunt
1173 769 1318 833 ieiunare.

182 873 442 938 demonstrabant
476 873 583 956 utiquc
617 892 680 938 uon
710 893 743 937 se
774 875 915 938 uolentes
943 874 1085 956 religiose
1116 874 1231 953 uiuere,
1266 875 1320 937 sed

181 981 316 1043 coactos.
362 977 453 1042 ueriti
482 981 565 1058 suut,
595 978 695 1058 credo,
724 996 763 1041 ne
791 978 928 1060 quinque
956 977 1076 1042 dierum
1105 977 1226 1041 ieiuniis
1249 997 1320 1059 pro-

180 1083 317 1166 longatis
340 1100 411 1147 caro
435 1099 486 1146 eos
503 1100 675 1166 corpusque
692 1083 839 1146 defecerit
855 1085 887 1146 et
902 1082 996 1147 eriles
1013 1101 1048 1146 ac
1064 1087 1172 1147 tenues
1188 1083 1320 1164 quadra·
1359 1109 1372 1148 s

179 1187 321 1270 gesimae
345 1187 566 1250 abstinentiam
590 1187 722 1251 tolerare
746 1205 808 1252 non
831 1191 968 1270 possent.

226 1289 367 1354 Audierit
389 1291 485 1374 igitur
507 1291 617 1355 reiecti
639 1291 754 1373 pariter
782 1308 817 1354 ac
839 1290 971 1370 robusti,
999 1294 1109 1355 tenues
1137 1294 1230 1372 atque
1254 1292 1320 1374 pal·

178 1397 292 1474 lanice,
316 1395 389 1477 quia
410 1395 500 1459 hodie
524 1399 572 1459 cst
594 1395 842 1479 quadragesima.
878 1396 1006 1460 audiant
1028 1395 1082 1475 illi,
1115 1395 1254 1476 iuquam,
1285 1398 1320 1459 ut

179 1500 319 1587 ieiunare
343 1499 494 1582 incipiant
515 1499 577 1579 isti,
607 1498 764 1564 abstinere
795 1517 858 1564 non
885 1499 1029 1564 desinant
1058 1503 1090 1562 et
1112 1499 1319 1564 communiter

177 1604 212 1668 in
242 1622 346 1668 arcam
371 1603 486 1668 Christi
515 1605 631 1668 intrare
663 1604 820 1668 festinent.
867 1603 964 1668 immo
995 1604 1145 1669 festinent
1173 1604 1318 1686 amplius,
1346 1631 1371 1670 ιο

178 1708 256 1790 quia
278 1707 396 1772 tardius
420 1707 578 1772 abstinere
602 1711 779 1790 coeperunt,
810 1712 846 1772 ut
875 1707 1089 1790 castigatiores
1120 1711 1151 1771 ct
1178 1708 1318 1790 puriores

177 1814 350 1892 introeant,
385 1812 457 1894 quia
487 1829 559 1876 arca
589 1811 706 1878 domini
736 1812 768 1875 iu
797 1811 943 1894 periculis
974 1812 1112 1876 ieiunum
1143 1815 1318 1876 sustentare

177 1917 352 2000 praendat,
377 1917 586 1980 temulentum
610 1916 765 1980 sustinere
788 1935 851 1980 non
874 1916 971 1980 nouit.
1018 1915 1221 1981 admonemus
1245 1934 1318 2000 ergo

176 2039 248 2101 uos,
271 2021 352 2085 sicut
374 2020 437 2084 iam
460 2023 532 2085 anto
555 2019 700 2101 diximus,
730 2021 829 2084 nostri
857 2021 1007 2104 temperis
1029 2020 1183 2101 homines,
1213 2021 1317 2085 uthis

177 2125 289 2190 muudi
318 2123 495 2188 turbinibus
530 2123 569 2188 ad
592 2123 719 2188 domum
750 2124 799 2189 dei
834 2127 977 2189 certatim
1009 2124 1222 2207 unusquisque
1245 2143 1318 2190 con·
1346 2150 1370 2190 rs

176 2229 290 2312 fugiat,
325 2229 405 2293 sicut
435 2231 466 2292 et
494 2227 544 2292 sui
573 2229 723 2312 temporis
753 2229 896 2293 homiues
917 2227 984 2294 Noe
1015 2229 1116 2293 iustus
1147 2229 1316 2294 admonuit.

178 2333 344 2398 admonuit
367 2333 450 2396 enirn
477 2333 547 2396 illos
575 2335 605 2396 et
628 2333 769 2397 futurum
793 2333 946 2397 diluuium
969 2333 1147 2416 praedicare
1175 2351 1237 2398 uon
1265 2333 1318 2397 de·

177 2437 261 2504 stitit
288 2439 334 2518 el,
360 2437 436 2501 licet
463 2455 522 2501 uox
545 2436 783 2519 praedicationis
811 2456 873 2502 non
901 2437 944 2502 sit
970 2437 1085 2518 audite,
1113 2441 1230 2516 tamen,
1259 2437 1318 2500 etsi

176 2538 306 2606 tacebat
327 2540 445 2624 lingua,
469 2558 561 2622 opere
584 2541 778 2623 loquebatur,
802 2542 861 2606 etsi
884 2540 998 2606 silebat
1016 2541 1102 2624 loqui
1124 2559 1210 2622 uoce,
1234 2542 1318 2606 ascia

175 2643 377 2729 personabat.
423 2663 495 2710 cum
530 2645 614 2710 enim
649 2645 831 2710 aedificabat
860 2649 926 2710 tam
955 2645 1072 2730 grande
1106 2664 1193 2728 opus,
1227 2663 1317 2710 arcae
1344 2673 1370 2712 20

176 2750 261 2814 illius
277 2767 415 2830 causam,
439 2767 494 2813 cur
509 2748 607 2830 fieret,
623 2750 690 2833 ipso
713 2767 804 2832 opere
820 2749 1004 2814 testabatur.
1043 2749 1217 2814 testabatur
1232 2750 1317 2814 enim
1361 2765 1368 2776 ·

175 2853 245 2937 ipso
268 2856 421 2936 apparatu
444 2871 527 2917 noua
549 2853 750 2918 tabernacula
772 2853 863 2918 nouis
885 2853 1031 2935 periculis
1054 2853 1223 2936 profutura.
1268 2871 1318 2918 sa-

175 2957 267 3042 piens
299 2957 381 3021 euim
405 2957 536 3040 quisquc
566 2958 747 3042 intellegere
774 2960 896 3042 poterat
926 2958 1081 3041 naufragii
1111 2957 1214 3022 nescio
1244 2957 1317 3040 quid

176 3062 354 3142 imminere,
378 3079 450 3125 cum
465 3062 576 3126 domus
592 3063 663 3126 talis
678 3061 777 3142 fieret,
801 3081 879 3144 quae
904 3080 965 3126 non
988 3061 1162 3126 inhaereret
1176 3063 1207 3126 in
1223 3066 1316 3143 terra,

176 3166 233 3231 sed
264 3168 389 3230 namnet
418 3165 451 3230 in
474 3166 607 3250 gurgite,
636 3183 707 3230 curn
737 3166 907 3250 hospitium
938 3165 1114 3230 huiusmodi
1144 3169 1316 3249 pararetur,
1344 3193 1369 3233 ss

177 3269 263 3353 quod
294 3287 351 3332 nec
373 3269 589 3353 pauimentum
619 3271 684 3334 solo
707 3269 856 3354 defigeret
886 3289 943 3334 nec
973 3269 1120 3334 fluctibus
1151 3271 1235 3334 unda
1264 3271 1317 3334 de-

175 3377 344 3458 mergeret.
391 3375 470 3456 quis,
494 3375 632 3458 iuquam,
657 3375 780 3457 sapiens
804 3393 865 3439 non
888 3375 1084 3459 intellegeret
1106 3375 1214 3439 adesse
1238 3375 1316 3439 dilu-

176 3479 278 3558 uium,
303 3495 375 3541 cum
398 3478 519 3542 uideret
542 3479 605 3543 tale
628 3479 817 3543 domicilium
841 3477 918 3560 fieri,
947 3479 1028 3562 quod
1052 3482 1212 3562 susceptos
1235 3479 1317 3544 intra

173 3601 209 3648 se
233 3599 297 3658 non
321 3584 387 3646 tam
410 3582 568 3647 clauderet
590 3601 684 3665 quam
700 3587 847 3666 portaret,
870 3583 950 3665 quod
972 3602 1032 3648 non
1049 3588 1115 3649 tem
1137 3584 1315 3667 pluuiarum

172 3685 294 3752 imbres
317 3687 481 3770 repelleret
503 3705 597 3769 quam
621 3687 775 3772 naufragii
798 3689 950 3772 procellas
973 3691 1113 3753 arceret?
1157 3705 1246 3770 quos,
1269 3689 1326 3752 ius
1342 3715 1368 3755 sc
1418 3695 1421 3704 '

220 3887 233 3940 l
259 3883 423 3953 reprehendo
445 3886 552 3956 scr-ipsi,
575 3843 842 3954 epeuencenud'i’
866 3887 965 3954 (uoluit
988 3885 1216 3957 reprehendendos
1238 3889 1315 3956 puto)

173 3987 237 4026 cum
256 3970 344 4058 parati
361 3972 469 4042 scripsi,
488 3972 634 4042 comparati
654 3973 681 4027 P
731 3973 1011 4043 2scllempuitatesP
1062 3975 1195 4028 decantes
1207 3975 1315 4044 scripsi,

171 4081 246 4152 quoa
264 4085 324 4138 aec
339 4065 370 4138 'P
386 4083 415 4150 (u
433 4100 548 4154 emm,
566 4101 592 4149 s;
610 4087 754 4154 nanae.)
809 4089 841 4142 10
859 4087 988 4140 chami>
1037 4087 1168 4155 prumea²
1221 4089 1250 4142 11
1272 4103 1315 4158 cp-

171 4173 274 4240 pei-unt
291 4170 319 4224 P
369 4170 555 4240 gastigutiores
575 4173 602 4226 P
655 4175 687 4229 12
705 4173 785 4226 archa
803 4174 831 4228 P
881 4173 1000 4227 ieiunum
1017 4175 1123 4244 scripsi,
1141 4173 1270 4228 ieiunium
1288 4175 1316 4228 P

173 4259 207 4313 13
236 4271 421 4310 ammonemus
447 4259 476 4312 P
556 4261 589 4314 16
616 4259 767 4314 ammonuit
794 4261 821 4315 P
845 4267 956 4330 ctroproe
982 4261 1039 4316 loco
1121 4263 1155 4316 20
1182 4260 1261 4332 archo
1288 4261 1316 4315 P

171 4345 203 4400 21
218 4359 290 4412 quur
303 4344 330 4397 P
379 4347 412 4400 24
425 4345 535 4400 iminere
549 4347 576 4401 P
620 4349 654 4403 25
667 4349 839 4404 nataraetP
883 4346 1029 4418 hospitium
1040 4348 1148 4419 carpsi,
1160 4347 1275 4417 hospitio
1289 4348 1316 4402 P

170 4431 207 4486 30
225 4429 324 4485 uniret
341 4431 369 4487 P
