3244 5130
274 443 334 507 142
651 442 687 496 Π.
708 443 752 496 nc
771 443 891 512 spiritu
911 447 1022 496 saneto

271 619 323 701 qni
349 619 504 699 loquenda
534 617 680 700 dictabat,
704 619 876 684 secundnm
903 619 995 684 illud:
1027 622 1063 682 et
1094 636 1200 683 nemo
1230 618 1323 684 dicit
1352 618 1410 683 do·

271 724 409 787 minum
440 722 563 787 Iesum
595 723 670 787 nisi
700 723 737 790 in
768 723 906 807 spiritu
938 727 1076 788 sancto.
1121 723 1175 806 qui
1207 741 1279 807 ergo
1312 723 1410 788 credi-

271 831 360 891 turus
391 827 441 891 uel
472 827 671 893 confessuros
701 827 752 892 uel
784 829 1016 910 praedicaturus
1040 831 1087 892 cst
1110 826 1280 908 Christum,
1310 827 1408 908 uides,

270 931 352 1013 quod
375 934 447 995 ante
474 932 506 996 in
535 950 568 996 se
595 930 758 996 habiturus
786 935 835 996 est
868 932 1014 1016 spiritum
1045 936 1198 997 sanctum.
1245 951 1307 997 non
1337 949 1410 1015 ergo

232 1063 244 1101 a
271 1034 330 1099 hoc
357 1039 464 1100 oneret
493 1034 587 1128 fidem
613 1039 711 1117 tuam,
742 1036 824 1118 quod
846 1037 1002 1101 interdum
1026 1037 1092 1102 sine
1115 1037 1409 1102 commemoratione

271 1140 399 1222 spiritus
424 1141 524 1204 sancti
546 1141 643 1224 patris
668 1141 784 1205 mentio
807 1139 940 1205 babetur
963 1159 999 1206 ao
1022 1141 1087 1206 filii.
1123 1159 1197 1206 nam
1220 1159 1313 1225 saepe
1336 1159 1410 1224 snp-

269 1263 377 1327 presso
408 1245 505 1329 patris
536 1245 661 1309 nomine
692 1243 747 1310 filii
778 1248 809 1310 et
838 1245 965 1329 spiritns
997 1247 1098 1310 sancti
1128 1247 1265 1330 operatio
1287 1245 1410 1329 praedi·

272 1353 371 1413 catur.
418 1350 463 1413 ait
492 1353 619 1414 sanctus
647 1349 788 1414 Ananias
819 1349 857 1414 ad
885 1351 1033 1414 Paulum:
1065 1348 1174 1415 Saule
1197 1351 1326 1432 irater,
1351 1349 1410 1414 do·

271 1453 391 1518 minus
415 1453 521 1518 misit
543 1473 596 1518 me
620 1454 742 1534 Iesus,
774 1455 834 1536 qni
865 1455 1040 1538 apparuit
1069 1454 1139 1518 tibi
1169 1454 1206 1518 in
1236 1454 1311 1535 uia,
1339 1472 1411 1536 qua

220 1585 245 1624 10
272 1557 465 1639 ueniebas,
488 1562 528 1622 ut
550 1559 677 1623 uideas
701 1563 737 1622 et
758 1559 939 1642 replearis
963 1559 1099 1642 spiritu
1123 1563 1262 1623 sancto.
1305 1561 1410 1642 aperte

272 1663 323 1727 hic
353 1663 485 1728 duarum
517 1667 564 1738 est
594 1664 720 1728 conexio
750 1682 963 1747 personarum.
1010 1683 1080 1728 ecce
1103 1663 1221 1728 Paulus
1245 1681 1263 1727 a
1286 1663 1409 1728 Christo

272 1771 416 1832 caecatus
437 1769 586 1852 arguitur,
610 1768 719 1852 spiritu
743 1771 851 1833 sancto
874 1769 1077 1832 inluminatus
1101 1768 1248 1851 impletur
1270 1771 1301 1831 et
1324 1767 1409 1831 nulle

272 1872 321 1936 hic
344 1873 462 1937 mentio
486 1872 583 1956 patris
606 1872 763 1936 inseritur.

314 1977 395 2040 Item
419 1995 491 2040 cum
507 1977 624 2041 Paulus
640 1976 791 2059 quosdam
815 1996 851 2041 ex
875 1977 1031 2061 discipulis
1055 1978 1273 2060 interrogaret:
1297 1976 1409 2058 inquo

221 2107 245 2146 m
272 2080 421 2164 baptizati
451 2082 536 2162 ostie,
560 2099 637 2163 quos
668 2084 739 2164 post
769 2082 985 2146 ascensionem
1016 2081 1132 2146 domini
1162 2082 1194 2146 in
1222 2080 1410 2164 baptismate

272 2185 420 2250 Iohannis
443 2185 616 2269 baptizatos
640 2205 708 2250 esse
732 2185 905 2266 constabat,
929 2191 1000 2270 post
1022 2186 1235 2270 praedicatum
1251 2185 1411 2267 baptisma

271 2290 433 2371 trinitatiS,
469 2309 540 2354 cum
572 2291 667 2354 etiarn
698 2291 775 2354 illud
805 2291 1005 2373 mysterium,
1036 2309 1096 2372 quo
1127 2289 1282 2354 Iohannes
1308 2287 1410 2372 bapti·

272 2413 340 2458 aare
375 2399 589 2474 consueuerat,
620 2395 651 2458 id
675 2399 724 2458 est
745 2396 777 2458 in
802 2413 884 2475 eum,
908 2395 960 2477 qni
983 2399 1135 2459 uenturus
1158 2397 1215 2474 est,
1246 2394 1278 2458 in
1302 2411 1409 2457 eorum

274 2497 429 2582 baptismo
460 2499 643 2582 probaretur
670 2499 822 2564 omissum
845 2500 966 2564 dicente
990 2498 1028 2563 ad
1052 2517 1103 2564 eos
1134 2499 1274 2582 apostolo
1297 2497 1408 2562 Paulo:

219 2629 245 2671 oo
272 2603 458 2669 Iohannes
478 2604 625 2685 quidem
641 2603 866 2688 baptizabit,
891 2603 1006 2667 sedin
1023 2622 1117 2684 eum,
1141 2603 1202 2685 qui
1227 2605 1408 2666 uenturus

272 2711 342 2788 est,
374 2708 432 2772 hoc
455 2712 502 2772 est
525 2708 639 2772 dicere:
671 2725 727 2772 uos
750 2726 812 2773 non
835 2708 878 2772 ita
901 2708 1048 2791 baptizati
1071 2708 1157 2788 estis,
1188 2707 1244 2772 hos
1268 2725 1339 2770 cum
1362 2706 1410 2770 in-

272 2815 444 2896 terrogaret
469 2812 600 2877 Paulos:
632 2815 662 2876 si
693 2813 868 2896 spiritum
899 2817 1068 2877 sanctum
1100 2813 1304 2896 accepistis
1335 2831 1410 2875 cre-

272 2917 418 2998 dentes,
442 2917 495 2998 qui
517 2918 625 2998 utique
645 2921 716 3001 post
731 2916 923 3000 baptismum
941 2917 1104 2982 saluatoris
1120 2937 1175 3001 per
1190 2917 1409 3000 inpositionem

272 3039 422 3086 manuum
453 3023 510 3086 rito
540 3021 707 3104 baptizatis
738 3023 839 3086 iuerat
870 3021 1074 3103 confitendus,
1106 3025 1143 3086 at
1173 3022 1231 3086 illi
1260 3039 1408 3104 respon·

220 3151 245 3190 ss
272 3126 419 3190 derunt:
445 3145 562 3208 neque
587 3127 617 3190 si
640 3126 797 3210 spiritus
822 3131 975 3190 sanctus
999 3131 1069 3208 est,
1094 3127 1314 3192 audiuimus.
1350 3126 1408 3190 his

274 3231 416 3295 auditis
438 3230 622 3314 baptizati
644 3235 731 3295 sunt
753 3231 789 3294 in
812 3231 961 3296 nomine
984 3231 1233 3296 dominiIesu.
1270 3236 1306 3296 et
1328 3249 1409 3294 eum

271 3335 502 3418 inposuisset
517 3335 595 3399 illis
612 3353 740 3400 manus
756 3335 910 3417 Paulae,
926 3335 1033 3400 uenit
1048 3355 1160 3420 super
1175 3354 1236 3401 cos
1253 3336 1408 3419 spiritus

340 3473 405 3614 Al]
426 3473 513 3530 lCor.
529 3475 569 3542 12,
582 3475 605 3528 3.
660 3473 687 3542 8]
707 3471 858 3539 Act.9‚1t.
915 3473 959 3542 19]
979 3472 1038 3528 Act.
1054 3475 1093 3539 19,
1106 3477 1130 3529 4.
1188 3473 1233 3543 22]
1252 3472 1311 3528 Act.
1330 3475 1369 3538 19,
1384 3475 1409 3528 2.

274 3560 320 3630 24]
365 3563 398 3614 ct.
414 3563 490 3626 19,2.

318 3685 380 3738 let
398 3701 448 3739 om.
463 3682 490 3737 P
542 3682 666 3736 dominus
685 3681 760 3736 lesus
779 3683 807 3736 P
859 3681 1054 3752 ⁴thabiifflturus
1072 3682 1099 3737 P
1119 3683 1189 3750 (crat
1208 3685 1237 3736 ta
1254 3684 1412 3746 incrassare)

273 3799 289 3852 5
305 3795 356 3850 hoc
370 3761 463 3850 cribret
479 3795 538 3862 V(e
550 3813 620 3853 mou.
635 3797 703 3865 ait),
715 3795 827 3850 honores
840 3795 867 3850 P
918 3799 934 3852 6
950 3795 1031 3850 hebet
1046 3797 1092 3863 1¹¹,
1111 3794 1253 3849 habebitur
1265 3797 1293 3850 P
1342 3797 1358 3852 8
1376 3793 1411 3848 ad

273 3909 338 3978 dnm
356 3909 513 3964 PaulumV
563 3909 703 3980 9eperuit
721 3908 748 3963 P
801 3911 833 3964 12
851 3925 867 3962 a
884 3913 976 3963 saneto
995 3909 1089 3978 spiritu
1108 3911 1136 3965 P
1191 3875 1366 3963 inluminate}
1387 3909 1415 3964 V

272 3997 296 4063 (s
319 4014 390 4052 noan.
408 3999 467 4064 alt.)
538 3999 570 4053 13
592 3997 676 4068 patris
699 3995 837 4051 mentioo
908 3999 939 4051 17
963 3996 1111 4052 trinitasv
1181 3995 1330 4050 misterium
1358 3994 1416 4049 PV

274 4113 306 4167 18
325 4075 464 4164 consumat
482 4111 509 4164 P
525 4109 568 4176 (ue
586 4111 731 4178 mauolt.)
796 4111 828 4164 19
845 4107 986 4177 probatV
1049 4109 1082 4162 ad
1105 4123 1148 4162 eos
1166 4126 1217 4212 cog.
1237 4109 1264 4164 P
1326 4105 1412 4161 Panlo

273 4220 392 4292 apostolo
412 4224 439 4277 P
497 4225 529 4279 21
550 4239 597 4276 uos
615 4242 665 4280 om.
679 4224 707 4277 P
766 4223 801 4276 23
823 4221 1020 4291 impositionem
1039 4223 1066 4276 P
1126 4223 1161 4276 24
1177 4189 1207 4275 ic
1224 4237 1359 4292 suprascr.
1373 4221 1413 4275 Fr

273 4309 428 4378 baptizatio
480 4309 618 4366 suerento
665 4307 838 4364 confidencius
857 4309 890 4376 P,
909 4309 1102 4364 confitenturc
1154 4311 1188 4364 25
1206 4313 1314 4364 sanctus
1332 4325 1382 4364 om.
1395 4327 1414 4364 n

273 4399 306 4454 27
325 4397 494 4467 imposuisset
512 4397 539 4452 P
