3264 5134
306 467 349 530 36
770 467 790 520 l.
810 467 854 520 De
872 467 981 535 gratia

307 645 356 706 est
378 641 556 724 deputanda
578 643 742 726 perfectio,
766 643 853 706 cuius
877 642 958 707 dona
980 643 1031 706 ille
1055 643 1139 707 solus
1164 660 1225 707 non
1251 643 1375 721 habuit,
1399 640 1451 723 qui

309 765 434 810 seruare
456 747 601 829 neglexit.
633 765 707 812 nam
727 750 758 810 et
778 747 830 810 ille
851 765 960 811 seruus
984 765 1017 810 se
1040 748 1194 828 accepisse
1218 747 1374 830 cognouit,
1397 745 1451 827 qui

307 851 511 916 commissum
535 851 595 916 sibi
619 853 774 916 talentum
798 853 921 936 negotio
945 852 1054 916 salutis
1071 852 1228 936 duplicare
1251 853 1451 937 contempsit,

307 955 362 1020 sed
385 959 485 1020 terrae
501 957 603 1039 potius
627 958 689 1022 otio
712 958 881 1042 languente
905 957 1076 1021 mandauit.
1109 957 1163 1021 sed
1179 961 1210 1022 et
1225 955 1300 1022 Saul
1315 957 1449 1040 gratiam

268 1087 280 1126 e
308 1061 356 1125 dei
380 1078 398 1123 a
421 1060 565 1126 Samuele
588 1065 700 1126 unctus
725 1062 843 1144 aceepit
860 1065 891 1125 et
907 1061 1154 1126 munificentiam
1171 1062 1338 1146 specialem
1362 1079 1451 1146 rega·

307 1165 431 1247 lemque
454 1166 627 1248 potentiam
651 1166 708 1230 snb
734 1167 907 1231 conditione
930 1167 999 1246 hac,
1023 1186 1062 1230 ne
1085 1185 1104 1230 a
1125 1167 1299 1250 praeceptis
1323 1167 1373 1230 dei
1395 1167 1449 1230 de-

306 1270 447 1350 clinaret,
478 1270 624 1335 obtinuit.
663 1275 696 1334 et
725 1272 779 1352 qui
805 1271 892 1336 lucos
922 1275 953 1335 et
979 1273 1053 1335 tana
1075 1290 1147 1335 cum
1171 1271 1360 1354 pythonibus
1384 1271 1450 1335 suis

306 1375 455 1458 magistro
479 1375 640 1439 sacerdote
664 1375 870 1456 subuerterat,
900 1375 1045 1441 defuneto
1069 1376 1177 1440 eodem
1201 1395 1273 1440 oum
1298 1377 1450 1460 magistro

306 1479 400 1544 fidem
423 1480 558 1562 perdidit
581 1483 612 1544 et
636 1481 674 1543 ad
694 1480 896 1562 pythonissae
920 1480 1121 1562 postmodum
1142 1497 1294 1564 responsa
1308 1481 1452 1544 fallentia

255 1609 279 1648 ιο
306 1585 494 1665 conuolauit‚
525 1587 578 1666 qui
605 1605 638 1647 se
670 1585 707 1647 ad
736 1586 829 1648 deum
857 1585 1010 1668 pertinere
1038 1585 1176 1668 potuisse
1201 1585 1352 1650 idolomm
1376 1585 1451 1648 suh·

307 1689 450 1754 uersione
475 1692 714 1754 monstrauerat.

851 1861 905 1927 XI.

308 2005 429 2048 CONTRA
453 2005 560 2048 EORUM
583 2007 713 2064 SENSUH,
748 2007 802 2054 Qun
824 2006 950 2064 DICUNT,
975 2005 1059 2054 Quon
1088 2007 1148 2048 1]Αὸ
1171 2006 1201 2048 lu
1224 2007 1450 2050 corundunam!

440 2093 501 2134 Nou
525 2093 630 2134 Possm
653 2093 854 2151 ADSUMOEIOE,
878 2093 919 2134 U'l'
942 2093 990 2134 Sl‘l'
1014 2093 1074 2136 UAS
1097 2095 1129 2135 IN
1153 2094 1312 2136 HONOREH.

256 2237 280 2276 re
352 2210 450 2274 Aiunt
468 2229 524 2274 uas
542 2211 750 2275 contumehae
773 2211 805 2274 in
828 2229 885 2274 uas
909 2211 1035 2276 honoris
1059 2212 1191 2276 transire
1211 2231 1273 2277 non
1289 2231 1379 2296 posse
1403 2231 1449 2292 eo,

309 2315 390 2396 quod
414 2315 526 2379 dixerit
549 2316 725 2397 apostolus:
754 2333 798 2380 an
827 2333 897 2380 non
921 2315 1035 2380 hahet
1057 2320 1285 2399 potestatem
1307 2316 1449 2400 figulus

310 2421 381 2484 luti
404 2439 444 2484 ex
468 2421 594 2485 eadem
611 2439 733 2484 massa
748 2421 872 2484 facere
890 2421 991 2486 aliud
1007 2440 1072 2485 uas
1088 2422 1124 2486 in
1140 2421 1325 2502 honorem,
1350 2421 1450 2484 eliud

309 2543 396 2590 uero
419 2526 455 2590 in
479 2526 768 2590 contumeliam?
799 2526 857 2590 hoc
873 2525 940 2590 loco
956 2526 1177 2608 praecedentes
1193 2543 1314 2606 causas,
1337 2525 1450 2607 quibus

308 2631 360 2694 uel
382 2631 414 2695 in
437 2629 587 2696 honorem
616 2632 666 2694 uel
694 2632 726 2694 in
754 2631 976 2696 contumeliam
1004 2631 1096 2694 homo
1126 2635 1275 2712 transeat,
1306 2631 1453 2695 conclusa

258 2759 283 2799 ro
310 2735 481 2800 elocutione
509 2735 692 2818 suppressit.
732 2754 805 2799 nam
836 2754 907 2799 cnm
935 2735 1028 2800 homo
1055 2736 1267 2818 pergratiam
1290 2755 1358 2800 esse
1381 2753 1452 2800 eoe-

309 2841 389 2922 perit
411 2857 467 2903 uas
491 2839 625 2920 honoris,
649 2840 877 2924 inuigilandurn
909 2844 967 2918 est,
996 2844 1031 2904 ut
1058 2843 1203 2922 acceptus
1227 2840 1324 2904 honor
1346 2840 1453 2904 diuina

309 2944 524 3026 cooperatione
548 2948 699 3024 seruetur,
724 2964 763 3009 ne
787 2945 960 3026 adquisitus
988 2943 1081 3008 homo
1108 2945 1308 3028 postmodum
1334 2945 1366 3010 in
1394 2963 1451 3008 uas

310 3048 517 3112 contumeliae
541 3050 632 3130 culpa
655 3050 824 3113 exsistente
847 3053 997 3113 uertatur.
1038 3049 1119 3130 quod
1147 3053 1253 3114 autem
1277 3050 1384 3113 dicunt
1411 3049 1450 3113 ab

311 3151 437 3214 ineunte
468 3155 569 3217 aetate
602 3153 801 3235 praefinitum
836 3155 867 3217 in
898 3154 1009 3217 melius
1041 3172 1102 3218 non
1131 3171 1223 3236 posse
1253 3154 1368 3218 mutari
1398 3153 1453 3216 de·

258 3283 284 3323 rs
311 3257 458 3320 tortorem
482 3255 616 3320 hominis
640 3261 768 3337 statum,
792 3256 850 3320 hoe
873 3258 936 3321 illic
958 3259 1100 3322 futurum
1123 3259 1258 3322 creditur
1281 3263 1351 3342 post
1366 3259 1452 3322 uitae

311 3345 597 3442 huius'ercessum,
621 3361 674 3425 ubi
698 3363 760 3425 iam
784 3381 842 3427 nec
865 3363 1039 3427 emendatio
1057 3383 1113 3427 nec
1129 3365 1260 3428 mutatio
1277 3365 1345 3444 erit,
1369 3365 1452 3447 apud

310 3465 435 3529 interos
474 3469 613 3529 ceterum
637 3467 787 3547 usquein
811 3465 906 3530 finem
935 3471 967 3531 et
989 3467 1028 3530 ad
1051 3468 1203 3531 iustitiam
1226 3468 1359 3532 transire
1381 3487 1453 3552 pes-

311 3570 382 3632 simi
410 3573 441 3632 et
467 3570 641 3651 periculum
668 3574 800 3652 possunt
830 3572 939 3634 timere
970 3572 1113 3654 perfecti,
1145 3573 1226 3636 sicut
1255 3573 1388 3656 legimus
1418 3573 1452 3636 in

310 3673 411 3755 primo
434 3674 573 3756 Regum:
606 3675 668 3756 qui
690 3675 912 3758 glorificant
935 3695 1005 3756 me,
1033 3675 1256 3759 glorificabo
1284 3694 1358 3758 eos,
1389 3679 1452 3758 qni

259 3804 284 3844 eo
311 3782 434 3842 antem
451 3783 696 3844 contemnunt
716 3799 785 3860 me,
809 3783 918 3844 crunt
941 3780 1136 3864 ignobiles.
1168 3799 1263 3863 quare
1279 3782 1338 3846 iste
1354 3781 1452 3846 hono-

417 3917 460 3986 16]
479 3917 555 3972 Rom.
570 3921 595 3984 9,
609 3921 649 3974 21.
705 3918 750 3988 29]
772 3923 785 3975 1
805 3919 869 3988 neg.
883 3921 908 3986 2,
921 3921 962 3975 30.
1105 3875 1122 3910 Ι

355 4049 553 4104 deonmissum
573 4051 601 4104 P
646 4055 676 4154 Ι5
695 4050 830 4104 samuhele
849 4052 876 4106 P
938 4049 1122 4120 regalemquae
1141 4052 1169 4107 P
1220 4049 1406 4120 ‘iphitonibus
1426 4050 1455 4106 P

311 4161 492 4230 9phitonisse
512 4163 539 4216 P
607 4161 719 4218 ialcntia
741 4165 769 4218 P
839 4167 870 4219 10
893 4163 1064 4218 subuertione
1084 4166 1111 4220 P
1185 4167 1218 4221 13
1236 4181 1326 4219 eorum
1344 4165 1453 4234 ser-ipsi,

312 4265 371 4302 oum
392 4249 419 4302 P
470 4249 570 4305 dicito
622 4253 656 4306 20
674 4251 839 4306 locationea
891 4252 1055 4321 suppraessit
1072 4253 1099 4306 P
1150 4255 1182 4308 25
1201 4252 1305 4306 illncP
1356 4255 1389 4307 27
1408 4269 1454 4306 us-

312 4353 378 4405 quae
397 4336 424 4390 P
475 4339 509 4394 28
527 4337 556 4391 in
573 4337 660 4406 primo
674 4338 777 4406 Regum
795 4340 902 4408 scripsi,
921 4339 949 4392 in
968 4356 1060 4408 regum
1079 4340 1113 4408 P,
1131 4357 1211 4396 oneo
1263 4341 1297 4395 30
1315 4341 1454 4410 contemp-

313 4426 381 4478 nunt
401 4425 428 4478 P
