3320 5140
667 469 909 538 Prolegomens.
1315 469 1352 522 Χ]

266 643 383 724 Quodsi
398 645 528 709 Furious
552 645 584 708 iu
607 662 702 710 causa
723 646 792 725 fuit,
816 649 851 709 ut
866 645 1002 709 Faustus
1025 643 1130 708 1411
1155 645 1188 708 in
1211 631 1352 708 exsilium

221 749 400 830 pelleretur,
422 749 475 814 illo
498 750 625 814 demum
648 753 770 814 mortuo
793 749 812 812 i.
831 769 855 812 1.
873 767 954 814 anno
976 747 1040 812 485
1063 749 1095 813 in
1118 749 1252 832 patriam
1270 750 1353 812 hunc

221 853 350 918 rediisse
373 853 440 917 ueri
463 854 564 918 similo
588 857 645 918 est.
684 871 744 936 quo
765 855 833 918 loco
856 853 942 917 exsul
965 853 1087 934 uixerit,
1110 853 1276 932 nascimur,
1300 853 1353 916 sed

222 957 321 1022 exsilii
351 959 453 1023 locum
483 959 575 1042 longe
605 958 644 1022 ab
672 957 798 1022 Arelate
826 959 941 1022 aluisse
972 977 1007 1022 ex
1035 957 1142 1022 Fausti
1172 958 1284 1021 littoris
1315 957 1353 1020 ad

222 1061 367 1142 Felicem,
394 1061 494 1126 lilium
518 1062 626 1146 Magni
654 1063 800 1142 consulis
829 1063 882 1144 qui
910 1063 1070 1146 disciplina
1098 1060 1218 1126 Leontii
1244 1059 1354 1124 Arela-

221 1166 318 1230 tensis
345 1165 504 1247 utebatur,
533 1186 569 1230 ex
597 1167 703 1232 exsilio
732 1167 811 1230 datis
839 1167 1062 1250 intellegimus
1093 1167 1131 1230 cl.
1152 1186 1182 1249 p.
1206 1163 1353 1246 19111

216 1291 280 1356 par
306 1279 474 1334 lautorum
500 1279 598 1334 11111
625 1268 807 1333 interuallo
834 1269 1000 1356 reqionum
1030 1279 1058 1332 11
1081 1291 1143 1355 per
1170 1278 1215 1331 111
1242 1289 1354 1331 rerum

220 1375 391 1438 interiecta
415 1375 609 1439 discrimina
629 1374 675 1438 od
694 1395 751 1438 nos
770 1396 872 1459 usque
893 1373 1101 1437 latitudinem
1119 1383 1249 1436 uestrae
1269 1373 1353 1436 cori·

103 1465 107 1473 ’
221 1479 299 1542 tatis
314 1478 497 1556 calamitis,
514 1484 545 1544 et
560 1479 657 1544 uerba
669 1481 821 1563 epistulae
834 1481 873 1544 11
884 1480 1044 1544 Ruricium
1057 1480 1088 1543 in
1100 1479 1205 1543 exsilio
1222 1479 1353 1562 scriptae

220 1605 250 1666 p.
267 1583 341 1665 211,
357 1583 392 1650 6:
417 1584 592 1647 1111111111
616 1582 785 1670 religionis
808 1604 947 1670 congruo
971 1593 999 1646 11
1023 1581 1353 1668 tranquillissimis

220 1686 350 1752 silentio
380 1673 548 1776 cmselituli
570 1688 740 1774 praeacuti
770 1687 969 1751 insultamus
999 1685 1115 1751 exsilio
1138 1688 1290 1752 Faustum
1320 1687 1352 1752 iu

220 1793 324 1876 aliquo
352 1794 539 1859 monasterio
568 1794 706 1858 exsulem
733 1794 856 1877 degisse
884 1793 1109 1858 demonstrant.
1156 1792 1267 1856 ultima
1289 1792 1353 1875 epi·

220 1898 303 1962 stula
325 1897 415 1963 uobis
438 1902 563 1963 seruata
586 1916 605 1962 a
627 1898 742 1964 Fausto
765 1917 802 1961 er
825 1898 930 1962 exsilio
953 1915 1078 1962 reuerso
1098 1897 1212 1979 scripta
1232 1901 1289 1976 est,
1313 1897 1352 1960 cf.

220 2023 250 2085 p.
267 2000 339 2083 218,
358 2002 411 2067 16:
441 2001 552 2088 prolia
578 2001 623 2064 ad
649 2023 717 2078 uos,
746 2001 822 2064 dum
848 1999 942 2064 uobis
970 1999 1008 2064 da
1031 2001 1149 2086 patrio
1171 1999 1352 2076 scribimus,

219 2105 279 2190 qui
303 2104 394 2169 mobis
417 2105 566 2191 patriam
595 2106 632 2168 ia
657 2105 921 2192 peregrinatione
944 2105 1075 2192 fecistis
1107 2111 1138 2170 11
1167 2107 1352 2170 documento

222 2215 270 2276 est
291 2211 442 2276 Faustum
465 2212 593 2276 rediisse
617 2211 655 2275 11
678 2211 785 2275 sedem
809 2211 1015 2294 episcopalem
1038 2211 1212 2275 Reiensam.

263 2314 330 2395 Quo
352 2333 433 2380 auno
456 2319 596 2380 mortuus
620 2315 662 2380 sit
681 2315 825 2396 Faustus,
848 2333 974 2398 prorsus
1005 2316 1157 2380 incertum
1181 2318 1229 2380 est
1251 2333 1351 2397 neque

219 2421 385 2502 quisquam
411 2420 568 2484 lucramur
591 2439 626 2483 eu
650 2417 802 2484 Gennadii
825 2419 862 2482 de
886 2419 1000 2484 Fausto
1023 2420 1200 2484 testimonio
1223 2418 1274 2502 (de
1294 2420 1350 2483 uir.

219 2523 263 2588 ill.
284 2521 393 2607 186),
421 2524 474 2606 qui
500 2525 587 2588 dicit:
619 2522 705 2587 uiua
731 2544 806 2586 1111
834 2521 977 2609 egregius
1009 2522 1119 2586 doctor
1148 2532 1177 2586 11
1206 2521 1353 2586 creditur

219 2637 248 2689 11
270 2625 445 2713 prodatur,
473 2647 553 2711 quae
580 2628 686 2708 uerba,
714 2629 838 2692 etiamsi
865 2628 902 2692 de
930 2629 1045 2692 Fausto
1072 2628 1144 2692 uiuo
1171 2629 1253 2693 dicta
1283 2647 1351 2692 esse

219 2735 360 2816 possunt,
383 2751 445 2797 non
468 2731 593 2813 debent,
617 2733 693 2796 nihil
716 2732 755 2796 ad
774 2751 841 2796 rem
861 2736 1001 2797 nostram
1022 2732 1151 2812 iaciunt,
1175 2735 1351 2795 11111111-

219 2837 307 2920 logus
330 2835 484 2902 Gennadii
512 2854 593 2902 anno
622 2837 687 2901 iere
710 2833 774 2900 480
801 2837 863 2900 iam
891 2837 993 2900 editus
1021 2836 1061 2900 sit
1089 2835 1142 2920 (ol.
1158 2835 1263 2916 Flert,
1291 2834 1351 2900 Ge-

219 2941 356 3006 sohiohte
372 2941 426 3006 der
441 2940 824 3006 christlich·lateinischen
840 2940 994 3005 Literatur
1010 2941 1024 3004 l
1040 2938 1117 3024 421)
1134 2945 1164 3004 11
1180 2941 1350 3023 capitulum

218 3045 295 3109 illud
318 3046 356 3110 de
376 3045 492 3110 Fausto
515 3049 599 3110 certe
623 3047 686 3110 iam
709 3045 868 3128 aliquanto
891 3046 976 3128 prius
997 3046 1146 3128 scriptum
1165 3045 1260 3110 fuisse
1280 3045 1351 3108 inde

218 3153 375 3232 appareat,
400 3151 482 3232 quod
505 3151 710 3215 additamenti
734 3151 831 3214 instar
855 3151 971 3214 mentio
999 3149 1034 3214 fit
1057 3151 1208 3233 epistrdae
1231 3139 1351 3214 11111-

217 3253 309 3318 lioem
325 3273 361 3318 ex
378 3255 483 3320 exsilio
500 3253 604 3320 datae:
627 3254 760 3340 scripsit
779 3263 915 3339 posteo
938 3253 982 3316 od
1000 3253 1160 3317 Felicem.
1178 3304 1185 3316 .
1203 3304 1210 3317 .
1227 3253 1349 3338 epista-

218 3353 293 3432 lum,
316 3359 361 3423 ita
375 3363 410 3423 ut
433 3359 548 3439 omnia,
571 3377 650 3441 quae
673 3363 766 3424 antea
789 3363 1029 3424 enumerauerat
1045 3358 1225 3424 Gennadius
1242 3359 1349 3423 Fausti

218 3463 342 3546 scripta,
362 3467 433 3528 ante
450 3463 590 3528 exsilium
607 3464 774 3528 111111111
796 3464 969 3528 uideantur.
995 3464 1147 3530 Faustum
1167 3465 1199 3527 in
1215 3463 1350 3546 patriam

217 3585 377 3632 reuersum
394 3585 464 3632 mor
480 3567 593 3632 obiisse
617 3569 786 3633 statuimus
809 3570 982 3651 propterea,
1006 3568 1087 3650 quod
1109 3571 1232 3650 praeter
1252 3585 1349 3650 pausa

218 3671 271 3736 illa
293 3689 312 3736 1
335 3671 424 3736 nobis
447 3671 542 3736 allata
563 3671 640 3738 nihil
664 3673 701 3736 do
723 3673 819 3756 gestis
842 3675 913 3756 post
934 3672 1070 3737 reditum
1093 3673 1243 3736 traditum
1262 3691 1349 3754 repe-

218 3775 324 3840 rimus.
362 3779 433 3859 post
462 3794 579 3841 aunum
609 3773 674 3840 500
704 3781 797 3857 certe,
829 3795 900 3840 oum
923 3775 1039 3842 Auitus
1069 3777 1235 3860 epistulam
1259 3795 1350 3858 quar·

217 3883 284 3944 tam
313 3879 399 3944 dedit
427 3881 466 3945 ad
497 3879 726 3946 Gundolradum
757 3899 878 3964 regem,
909 3901 980 3946 eum
1011 3881 1074 3946 iam
1104 3881 1222 3963 aliquot
1251 3899 1348 3946 annos
1424 3889 1432 3906 ·

217 3987 374 4048 mortuum
394 3983 489 4048 luisse
510 4003 546 4048 ex
565 3983 670 4050 uerbis
693 3984 901 4068 1111111111
921 3982 1029 4070 plocio
1051 3993 1164 4047 111111
1185 3995 1349 4048 acuerat

217 4087 253 4152 11
276 4087 392 4154 Fausto
415 4087 506 4154 dictis
529 4091 640 4170 sponte
662 4089 866 4173 intellegitur.

259 4192 346 4258 Haeo
368 4193 432 4258 iere
449 4193 486 4256 de
502 4191 609 4258 Fausti
631 4193 696 4258 uita
718 4192 776 4258 hoc
795 4193 862 4258 loco
880 4211 1069 4258 memorasse
1086 4193 1229 4258 sufficiat.
1266 4211 1349 4260 nune

217 4297 254 4362 ds
276 4297 344 4362 eius
367 4296 489 4380 scriptis
514 4315 653 4380 agemus
676 4297 713 4360 de
737 4295 849 4380 quibus
872 4295 1052 4362 Gennadius
1080 4297 1156 4362 haec
1179 4299 1275 4364 tradit
1297 4300 1348 4382 (de

216 4403 272 4466 uir.
289 4401 331 4466 ill.
350 4419 375 4465 1.
393 4398 462 4484 86);
