3244 5130
642 447 739 502 Liber
756 448 785 502 Π
804 451 879 504 7-8.
1270 453 1328 516 151

194 619 328 684 flammis
353 623 397 686 tui
421 625 452 685 et
474 623 573 706 gloria
595 627 658 686 tua
699 627 752 686 tna
775 628 885 688 natura
910 630 967 704 est,
991 644 1079 706 quae,
1103 627 1183 690 siout
1207 627 1336 690 initium·

195 725 301 804 nescit,
324 725 394 808 (ita)
418 721 495 790 nihil
519 745 537 790 a
559 728 659 810 priore
683 729 830 811 suscepit.

718 953 804 1016 VIII.

196 1115 244 1154 UBI
264 1114 414 1154 TEMPLUM
435 1115 488 1154 DEI
509 1115 657 1154 Tauranus
678 1115 753 1184 nrm}
774 1115 884 1154 saner!
908 1115 1047 1156 SPIRITUS
1071 1115 1329 1158 DEMONS'I'RA'I'UR.

235 1247 453 1312 Habitatoranr
485 1250 585 1314 cordis
615 1251 744 1314 humani
774 1267 863 1313 sacra
893 1251 1014 1332 eloquia
1041 1251 1163 1333 proprio
1188 1251 1330 1334 spiritum
1370 1280 1383 1318 s

194 1357 337 1417 sanctum
365 1373 432 1417 esse
459 1353 623 1418 definiunt:
657 1353 774 1433 dabit,
806 1354 917 1436 inquit,
948 1354 1054 1418 nobis
1084 1359 1190 1437 pater·
1218 1355 1330 1418 alium

191 1459 435 1540 paracletum,
466 1463 506 1524 ut
533 1463 681 1524 maneat
711 1457 903 1522 nobiseum
934 1460 968 1523 in
1001 1463 1206 1539 aetornum,
1238 1463 1270 1523 ot
1292 1459 1330 1522 ad

194 1563 385 1628 Corinthios:
417 1564 635 1628 uiuifioabit
666 1567 701 1628 ct
729 1564 904 1627 mortalia
926 1582 1080 1646 corpora
1103 1569 1230 1628 uestra
1252 1581 1332 1647 pro-

194 1673 273 1751 pter
304 1667 582 1732 inhabitantem
615 1669 792 1762 spiritum
820 1669 898 1732 eius
925 1669 961 1732 in
985 1667 1101 1732 uobis.
1148 1672 1179 1732 et
1201 1669 1269 1732 ideo
1293 1669 1330 1731 de

194 1773 304 1857 spiritu
335 1777 443 1836 sancto
474 1773 684 1856 conscriptum
714 1777 797 1836 recte
827 1773 1054 1856 intellegimus:
1088 1791 1242 1856 regnum
1274 1773 1330 1836 dei
1360 1799 1384 1838 ιο

193 1877 291 1941 intra
314 1895 379 1940 uos
403 1881 468 1942 cst.
504 1877 552 1941 dei
575 1878 681 1959 utique
705 1881 780 1942 sunt
801 1896 944 1961 regnum,
968 1877 1020 1959 qui
1044 1877 1070 1940 oi
1094 1896 1126 1940 so
1146 1895 1331 1958 praeparare

193 1986 354 2046 morentur
384 1983 415 2046 in
447 1983 600 2066 templum
632 1982 681 2046 dei
711 1983 829 2064 utique,
863 1998 925 2045 non
956 1985 1124 2046 creaturae.
1175 1981 1246 2045 andi
1277 2001 1332 2063 per

191 2087 367 2170 apostolum
391 2086 575 2151 habitatoris
599 2088 697 2150 nostri
721 2105 845 2150 uocem:
876 2104 941 2150 uos
965 2087 1073 2164 ostis,
1104 2087 1215 2167 inquit,
1244 2089 1332 2149 tem-

189 2192 291 2274 plum
327 2191 385 2254 dei
420 2191 497 2254 uini
533 2197 568 2254 ct
602 2191 761 2274 spiritus
796 2191 852 2254 dci
888 2189 1037 2254 habitat
1070 2190 1106 2254 in
1141 2189 1265 2270 nobis,
1301 2193 1332 2254 ot

189 2295 250 2360 alio
274 2295 355 2359 loco:
385 2295 486 2359 sicut
508 2295 597 2359 deus
622 2295 728 2360 dicit:
752 2293 972 2358 inhabitabo
996 2295 1031 2358 in
1056 2295 1134 2358 illis
1159 2297 1194 2358 et
1216 2295 1331 2358 inam·
1359 2319 1383 2358 re

190 2399 327 2464 bnlabo
359 2403 395 2464 et
427 2417 486 2464 cro
509 2401 657 2464 illorum
682 2401 779 2464 deus.
827 2418 896 2463 ecoe
920 2399 996 2482 ipse,
1020 2399 1073 2481 qni
1097 2399 1249 2482 templum
1274 2399 1332 2462 hu-

190 2503 276 2568 mani
308 2505 409 2570 cordis
441 2504 611 2586 inhabitat,
646 2505 739 2568 derrm
774 2524 807 2568 sc
842 2523 910 2568 esse
943 2504 1134 2585 pronuntiat.
1191 2501 1331 2566 Ananias

189 2609 272 2672 inter
302 2627 365 2689 cos,
397 2609 450 2691 qui
483 2609 672 2674 honorantes
695 2609 788 2672 deum
812 2609 849 2672 do
874 2608 937 2672 suis
960 2608 1050 2672 iustis
1074 2606 1231 2670 laboribus
1255 2625 1331 2670 uen-

189 2713 307 2778 ‹lcbant
337 2712 530 2778 substantias
562 2731 634 2778 suas
659 2717 691 2777 ot
713 2713 871 2796 ponebant
894 2716 966 2776 ante
989 2711 1084 2794 pedes
1108 2711 1330 2792 apostolorum,

189 2817 247 2880 deo
277 2821 386 2881 uotum
417 2819 597 2900 promisisse
629 2818 825 2902 cognoscitur
848 2821 880 2881 ct
903 2815 1022 2900 spiritui
1046 2818 1154 2880 sancto
1178 2816 1329 2878 mentitus
1357 2839 1383 2879 ιο

190 2923 341 3006 arguitur,
366 2923 448 2987 siout
470 2923 581 2987 Petrus
605 2923 763 3006 apostolus
784 2922 843 2986 ait:
867 2920 1028 3000 Anania,
1051 2939 1113 2983 our·
1130 2920 1331 3002 temptauit

189 3027 349 3092 Satanas
380 3045 440 3092 cor
470 3031 573 3092 tuum
601 3028 755 3092 mentiri
779 3031 814 3091 te
838 3025 992 3110 spiritui
1015 3027 1167 3090 sancto?
1202 3029 1233 3090 ot
1256 3023 1330 3088 sub-

190 3135 316 3196 secutus
348 3132 473 3197 adiecit:
508 3150 579 3196 non
615 3151 652 3196 es
683 3132 896 3196 hominibus
927 3131 1123 3210 mentitus
1158 3129 1221 3192 sed
1252 3129 1328 3193 deo.

190 3237 263 3317 quid
294 3243 343 3300 est
368 3237 447 3301 hoo?
492 3238 523 3300 in
547 3241 718 3301 creatorem
740 3239 848 3319 peccat
872 3239 904 3299 ct
926 3235 969 3298 ita
991 3234 1144 3316 scriptura
1166 3221 1329 3316 peccatum

190 3341 254 3404 eins
278 3345 432 3423 attenuat,
455 3345 490 3406 nt
513 3361 584 3406 enm
607 3342 693 3405 iuxta
715 3341 884 3424 Impietatis
908 3357 1036 3404 sensnm
1060 3341 1219 3402 creaturae
1240 3355 1329 3401 reum
1355 3359 1381 3400 as

293 3549 322 3618 6]
336 3547 426 3602 Ioann.
441 3551 531 3612 lala.
577 3549 781 3617 8]Rom.8,11.
829 3547 873 3616 10}
887 3546 1053 3611 Luc.17‚2l.
1097 3543 1328 3614 13]100r.3‚16.

193 3635 441 3718 1512002216..
489 3635 534 3705 21]
554 3635 611 3690 Act.
626 3639 650 3698 5,
663 3637 687 3690 3.
742 3634 788 3704 23]
807 3633 865 3688 Au.
880 3637 904 3698 5,
917 3635 942 3688 4.

235 3833 245 3884 l
266 3845 335 3898 quae
353 3847 404 3884 oar¹
423 3847 440 3884 o
492 3828 603 3882 inicium
622 3827 683 3896 PR,
702 3827 827 3880 nuntium
847 3845 862 3880 u
914 3827 930 3880 2
949 3825 987 3878 ito
1004 3824 1112 3889 oddidr',
1130 3840 1180 3878 om.
1200 3823 1272 3889 libra,
1291 3820 1329 3873 stc

189 3917 281 3972 oddo
335 3915 417 3970 nichil
436 3916 463 3972 R
516 3917 672 3970 fisanotnm
692 3932 777 3970 oneo
840 3911 979 3965 diffiniunt
999 3911 1026 3964 P
1081 3907 1274 3978 tparaclitnm
1294 3907 1328 3974 R,

188 4001 355 4072 paraclytum
379 4005 407 4058 P
469 4002 637 4059 8R0manos
657 4019 678 4068 o,
697 4005 731 4070 os.
751 4007 842 4056 notam
861 4000 1081 4068 adpop.149,2
1148 3999 1179 4050 10
1201 3993 1327 4061 iutelligi-

189 4113 247 4150 mus
265 4097 293 4150 P
363 4095 393 4149 ll
418 4107 530 4160 regnum
553 4091 654 4144 sunto
723 4105 750 4141 se
768 4088 879 4156 pparare
900 4086 935 4152 R,
958 4099 1127 4153 scmppararo
1146 4083 1179 4150 P,
1204 4097 1328 4150 parerco

191 4186 220 4240 lt
239 4183 281 4236 dci
306 4181 484 4260 uiniscripo,
508 4176 594 4232 diuini
613 4175 647 4243 12,
671 4175 712 4228 dci
737 4175 763 4228 P
834 4177 864 4228 15
884 4173 910 4226 ln
933 4178 996 4226 onte
1019 4169 1071 4223 alio
1093 4170 1192 4224 odda
1262 4167 1328 4220 dicit

189 4295 251 4350 deus
272 4297 298 4350 P
343 4261 501 4348 ¹ambulabo
520 4292 546 4346 R
566 4291 609 4356 (ln
630 4289 772 4354 amonuit.)
825 4289 859 4341 20
878 4284 1043 4354 promississe
1062 4283 1088 4338 a
1141 4281 1327 4350 agnoscitnru

189 4416 317 4468 clema
370 4405 465 4476 spiritu
485 4406 512 4460 Ρ
568 4406 601 4460 22
620 4371 672 4472 sp‘n¹
687 4401 714 4456 P
730 4401 753 4466 (i
773 4417 843 4454 man.
857 4399 918 4468 ult.)
970 4399 1004 4452 23
1022 4396 1150 4450 mentitus
1169 4411 1229 4452 esu
