3264 5134
658 468 754 523 Liber
772 469 879 524 14-5.
1296 469 1335 532 19

198 645 272 708 nisi
303 663 367 727 per
397 645 511 709 fidem
544 644 684 709 Christi
714 645 813 727 Iesu,
845 651 881 710 et
911 664 975 710 nos
1005 647 1041 710 in
1070 645 1219 710 Christo
1249 645 1334 709 Iesu

197 749 398 828 credimus
429 753 469 813 ut
498 749 751 814 iustifioemur
782 769 822 814 er
854 751 928 814 fide
957 749 1100 814 Christi
1132 754 1167 814 et
1194 767 1264 816 non
1295 769 1334 812 er

197 851 374 935 operibus
404 854 508 937 legia.
540 858 692 937 propter
723 854 818 936 quod
853 873 892 917 ox
924 853 1099 937 operibus
1132 854 1229 937 legis
1264 871 1334 917 uon

196 957 476 1023 iustificabitur
509 959 628 1022 omnis
660 962 747 1023 caro·
774 976 895 1022 coram
925 958 1003 1022 illo.
1042 976 1077 1021 ac
1111 959 1156 1022 sic
1191 959 1334 1022 euacuari

196 1079 290 1143 opera
313 1081 397 1127 error
419 1063 535 1144 impius
559 1063 644 1142 dixit,
668 1063 722 1126 sed
745 1081 823 1144 qnae
847 1062 902 1126 illa
922 1066 1028 1126 essent
1044 1061 1150 1126 dolosa
1166 1063 1335 1126 calliditate
1375 1086 1387 1122 ⁵

196 1165 381 1248 subpressit.
413 1181 495 1230 nuno
519 1185 592 1250 ergo
612 1167 739 1248 patieris
756 1166 957 1249 intellegendi
974 1165 1200 1246 difficultatem,
1224 1167 1250 1230 si
1265 1186 1336 1250 per-

196 1288 346 1334 sonarum
362 1271 412 1334 uel
427 1289 557 1354 operum
573 1271 762 1335 intellexeris
779 1271 1020 1334 distinctionem.
1049 1271 1087 1334 ad
1102 1271 1234 1334 Iudaeos
1251 1271 1336 1334 enim

196 1375 326 1438 dicitur:
350 1393 419 1440 non
444 1375 721 1440 iustificabitur
739 1375 971 1457 exoperibus
995 1375 1090 1457 legis
1107 1377 1224 1439 omnis
1241 1393 1333 1439 coro.

196 1479 236 1542 ad
262 1479 454 1544 Christianos
482 1497 554 1543 uero
584 1481 648 1544 iam
675 1480 708 1544 in
740 1479 863 1545 Christo
892 1483 1016 1543 renatos
1047 1480 1091 1543 ita
1121 1479 1336 1543 instructionis

196 1601 301 1648 sermo
332 1583 489 1666 dirigitur:
524 1585 729 1666 operamini
758 1582 895 1646 bonnm
931 1583 973 1646 ad
1008 1600 1148 1663 omneS,
1179 1585 1334 1648 manim'e
1363 1607 1387 1644 ro

196 1691 323 1752 autem
347 1688 390 1751 ad
413 1688 640 1753 domesticos
668 1687 773 1768 fidei,
805 1688 995 1752 etiterum:
1027 1688 1167 1769 itaque,
1196 1688 1334 1752 tratres

196 1791 271 1855 mei
293 1791 441 1871 dilecti,
464 1791 624 1856 stabiles
648 1795 770 1856 estote
798 1795 834 1854 ot
860 1791 1076 1871 inmobileS,
1100 1791 1334 1856 abundantes

196 1897 235 1960 in
265 1913 374 1978 opere
402 1896 540 1960 domini
572 1915 730 1978 semper,
762 1895 926 1960 scientes
954 1896 1048 1976 quod
1078 1895 1183 1960 labor
1209 1899 1335 1960 uester

194 2018 269 2064 non
296 2003 353 2063 est
383 2000 506 2064 inanis
542 2001 577 2063 in
605 2000 760 2063 domino.
795 1999 834 2064 ad
863 1999 1066 2080 Christianos,
1094 1999 1234 2082 inquam,
1261 2001 1336 2064 dici-

195 2109 264 2168 tnr:
296 2104 347 2168 sic
370 2103 496 2168 luceat
518 2105 578 2167 lun
603 2107 728 2168 uestra
757 2121 879 2168 coram
907 2103 1077 2168 omnibus
1107 2103 1334 2184 hominihus,
1363 2127 1387 2164 15

195 2212 237 2271 ut
268 2207 421 2272 uideant
450 2207 548 2272 bona
578 2225 689 2291 opera
717 2212 845 2272 uestra
875 2212 911 2272 et
940 2209 1159 2292 glorificent
1191 2213 1334 2292 patrem

194 2315 380 2392 nestrum,
409 2313 471 2393 qui
494 2315 550 2376 est
573 2312 610 2376 in
634 2313 764 2392 caelia
788 2313 819 2376 id
842 2317 899 2393 est,
923 2317 1043 2377 utnon
1067 2315 1132 2376 tam
1155 2313 1216 2376 otio
1239 2313 1335 2376 resol-

195 2434 321 2495 uamnr,
344 2435 437 2498 quam
462 2417 499 2479 de
523 2417 668 2498 operibus
696 2417 786 2480 bonis
810 2435 871 2482 non
895 2417 927 2480 in
952 2416 1052 2496 nobis,
1080 2417 1133 2480 sed
1157 2417 1188 2481 in
1211 2417 1335 2480 domino

195 2521 376 2603 gloriemur.
406 2521 445 2584 ad
461 2519 651 2584 Christianos
668 2521 793 2585 dicitur:
813 2521 850 2586 in
866 2521 1028 2585 ueritate
1043 2521 1207 2603 conponi,
1224 2539 1335 2602 quon-

196 2625 272 2687 iam
295 2643 363 2688 non
387 2627 444 2688 est
471 2643 712 2706 personarum
736 2629 910 2708 acceptor
937 2625 1040 2704 deuS,
1076 2625 1139 2688 sod
1168 2625 1206 2688 in
1237 2625 1335 2688 omni
1361 2647 1387 2684 eo

195 2733 325 2811 genle,
342 2729 403 2810 qni
423 2728 531 2793 timet
552 2729 658 2794 illum
680 2733 716 2794 et
732 2733 905 2812 operatur
933 2729 1135 2808 iustitiam,
1159 2732 1334 2810 acceptos

197 2836 259 2896 est
280 2832 346 2896 illi.

748 2973 785 3037 V.

332 3115 375 3156 DE
397 3115 438 3156 EO
461 3115 546 3164 QUOD
568 3117 636 3158 Am:
662 3116 778 3158 GRATIA
803 3117 857 3157 Dnr
880 3115 942 3159 SUM
965 3117 998 3157 ΙΙ)
1022 3116 1106 3165 QUOD
1130 3115 1201 3160 EUM.

243 3248 326 3313 Audi
349 3251 524 3332 apostolum
546 3249 685 3314 laborem
710 3269 781 3315 cum
804 3252 906 3335 gratia
928 3251 1038 3314 humili
1061 3252 1253 3316 confessione
1276 3253 1335 3315 mi·
1361 3271 1387 3310 ra

198 3357 354 3418 suentem:
378 3355 500 3438 gratia
522 3359 642 3419 autem
666 3355 723 3418 dei
747 3375 828 3420 sum
850 3356 902 3436 id,
923 3357 1018 3437 quod
1041 3375 1130 3436 sum,
1154 3359 1190 3420 et
1212 3357 1335 3440 gratia

198 3459 306 3522 illins
328 3459 364 3522 in
388 3477 442 3522 me
466 3477 584 3524 uacua
606 3477 675 3524 non
698 3459 785 3540 suit,
809 3460 870 3524 sed
895 3459 1147 3524 abundantius
1169 3461 1248 3524 illis
1264 3479 1335 3525 om·

198 3562 311 3626 nibus
334 3563 520 3627 laborant:
544 3582 614 3629 non
630 3581 696 3647 ego
716 3567 854 3644 autem,
878 3565 940 3628 sed
956 3565 1081 3648 gratia
1103 3564 1160 3628 dei
1184 3583 1333 3629 mecum.

197 3665 270 3730 uide
286 3667 438 3747 quomodo
454 3668 493 3731 ad
508 3668 627 3751 gratiae
643 3667 758 3732 donum
779 3687 902 3752 semper
925 3668 1086 3751 subiungit
1107 3669 1222 3734 laboris
1245 3669 1335 3734 obse-

307 3863 523 3934 1o]oar.c,1o.
580 3864 623 3934 11]
644 3864 729 3920 reor.
751 3869 790 3930 15,
804 3867 844 3922 sa.
899 3865 942 3934 15]
962 3863 1057 3918 uasto.
1077 3869 1101 3928 5,
1117 3867 1155 3920 ro.
1212 3865 1255 3934 ro]
1274 3865 1333 3920 net.

199 3952 336 4020 ro‚34sq.
390 3949 662 4020 ao]1cor.15‚1o.

245 4107 386 4220 lpcrilom
405 4152 432 4206 P
447 4153 659 4208 conmonuit.
704 4152 802 4207 laiP
843 4151 1078 4220 6subpraossitP
1121 4151 1337 4206 dificultatemP

196 4237 383 4294 ‘lintelereris
401 4239 428 4292 P
481 4241 510 4294 11
530 4238 608 4292 fidaei
627 4240 654 4292 P
704 4239 808 4306 inques
827 4241 854 4294 P
907 4241 938 4294 12
957 4241 1024 4292 stote
1044 4241 1071 4293 P
1120 4241 1203 4294 aerbo
1221 4242 1289 4291 stote
1308 4241 1335 4290 et

195 4323 340 4378 inmobiles
358 4325 399 4380 his
416 4327 493 4380 hahet
512 4325 539 4379 P
609 4327 640 4381 15
664 4323 786 4378 omnihus
808 4343 858 4380 om.
875 4345 891 4380 n
964 4329 995 4380 lo
1018 4341 1096 4395 opera
1119 4331 1208 4378 uestra
1232 4324 1302 4378 bona
1318 4343 1335 4378 o

194 4414 232 4467 25
253 4411 378 4464 miscente
398 4410 425 4464 P
