3268 5142
284 485 348 551 342
723 480 788 536 1111.
807 480 975 536 86161630.

283 661 434 746 propheta
470 660 552 743 patri
586 658 763 740 supplicans
797 675 858 721 non
892 656 995 720 minus
1030 653 1156 737 spiritus
1191 652 1291 718 sancti
1323 669 1419 734 quam

283 766 380 849 patris
411 768 442 828 et
467 764 524 829 filii
547 762 723 845 expauescit
745 759 906 826 offensam.
952 779 991 824 nc
1012 759 1154 841 proicias,
1184 757 1295 840 inquit,
1325 775 1378 820 me
1399 776 1420 822 a

284 871 362 934 lacis
384 872 447 933 tua.
493 868 586 948 fihus,
610 866 691 930 siout
717 867 819 949 imago
842 865 949 947 patris,
979 865 1024 928 ita
1045 867 1078 928 et
1099 863 1194 927 facies
1217 862 1315 945 patris
1338 862 1420 926 acci-

284 975 368 1058 pitur
398 978 429 1038 et
454 973 522 1037 ideo
545 971 694 1055 legimus:
724 969 916 1051 Philippa,
947 969 1008 1050 qui
1030 968 1135 1032 uidet
1156 986 1227 1048 me,
1256 965 1360 1030 uidet
1382 969 1420 1030 et

245 1107 257 1146 s
283 1082 440 1162 patrem,
464 1078 553 1141 item:
585 1093 654 1158 quo
676 1073 736 1138 ibo
760 1092 779 1137 a
802 1074 938 1157 spiritu
961 1063 1023 1137 tuo
1047 1076 1083 1136 et
1105 1090 1174 1154 quo
1198 1089 1216 1134 a
1237 1071 1333 1136 facie
1355 1073 1420 1134 tna

282 1184 298 1246 f
302 1183 446 1266 agiam?
484 1181 621 1260 aduerte,
644 1177 747 1259 infide,
770 1178 925 1262 perfectae
941 1177 1143 1242 confessionis
1163 1175 1348 1258 mysterium
1364 1175 1420 1238 tri-

283 1287 399 1351 nitatis.
433 1285 585 1368 propheta
607 1283 646 1347 ad
668 1287 789 1366 patrem
811 1281 957 1364 loquitur,
980 1281 1093 1346 faciem
1115 1281 1212 1364 patris
1233 1279 1332 1344 lilium
1347 1297 1421 1363 pro-

283 1392 388 1456 fitetur
417 1409 475 1454 nec
504 1406 567 1452 non
597 1387 744 1452 diffusum
773 1406 828 1470 peJm
855 1389 960 1451 omnia
982 1387 1126 1470 spiritum
1149 1389 1294 1449 sanetum
1315 1386 1421 1466 prote-

283 1499 392 1560 statur.
443 1495 481 1558 dc
510 1492 572 1557 lilio
603 1495 707 1556 autem
738 1492 834 1557 etiarn
864 1492 902 1555 ad
932 1491 1063 1574 Moysen
1092 1490 1229 1572 loquitur
1257 1489 1419 1553 dominus:

232 1630 257 1669 ιο
282 1599 402 1664 facies
425 1617 504 1662 mea
525 1597 724 1680 praecedet
747 1599 792 1661 te.
839 1598 921 1679 quod
944 1615 1068 1676 nomen,
1091 1595 1122 1659 id
1145 1599 1194 1660 est
1215 1595 1310 1660 facies
1331 1595 1420 1658 etad

283 1704 411 1768 unitatis
442 1703 651 1767 substantiam
682 1705 713 1765 et
739 1701 777 1766 ad
800 1701 1055 1766 coaeternitatem
1077 1700 1212 1782 pertinet
1234 1699 1418 1763 maiestatis.

283 1808 391 1872 Esaias
419 1825 539 1891 quoque
562 1807 707 1890 spiritum
730 1809 874 1870 sanctum
898 1824 995 1869 unum
1018 1805 1051 1870 in
1073 1805 1171 1890 gloria
1193 1805 1340 1870 trinitatis
1364 1806 1420 1870 ad-

283 1915 438 1994 numerat,
472 1912 595 1994 qnando
629 1911 716 1976 dicit:
750 1911 827 1975 uidi
861 1910 1047 1975 dominum
1081 1909 1272 1975 sedentem
1307 1928 1419 1993 snper

284 2017 417 2082 solium
448 2017 634 2081 excelsum
665 2019 700 2080 et
730 2013 926 2098 Seraphim
956 2013 1108 2079 stabant
1139 2017 1174 2078 et
1203 2015 1420 2080 clamabant

232 2151 256 2191 1⁵
284 2121 378 2185 alter
402 2121 444 2186 ad
468 2121 640 2186 alterum:
673 2124 840 2200 sanctus,
872 2123 1039 2200 sanctus,
1070 2123 1222 2184 sanctus
1246 2119 1418 2184 dominus

167 2215 169 2220 ’
283 2226 371 2289 deus
402 2223 572 2290 Sabaoth.
619 2225 705 2288 etin
729 2223 929 2305 consequenti
952 2223 1040 2287 dicit:
1072 2227 1108 2288 et
1134 2223 1261 2287 audiui
1290 2241 1420 2288 uocem

283 2329 422 2394 domini
453 2329 631 2394 dicentis:
662 2328 753 2392 uada
784 2331 819 2392 et
853 2328 953 2392 dices
987 2329 1121 2412 populo
1155 2328 1254 2393 huic:
1290 2329 1419 2394 auditu

282 2433 445 2499 audietis
477 2437 512 2497 et
541 2451 613 2499 nou
642 2432 879 2516 intellegetis
910 2435 947 2496 et
976 2432 1148 2497 uidentes
1178 2431 1357 2498 uidebitis
1382 2437 1418 2498 et

281 2557 352 2604 non
375 2537 562 2602 uidebitis.

230 2671 256 2711 ro
326 2641 496 2708 credamus
520 2642 625 2708 saltim
647 2642 745 2707 Panlo
767 2641 911 2724 praeconi
934 2641 1135 2707 celeberrimo
1158 2643 1308 2724 ueritatis,
1335 2644 1418 2726 qnod

282 2749 408 2812 sanetus
439 2747 564 2830 spiritns
595 2747 688 2811 buerit
717 2746 769 2810 ille
800 2746 944 2810 dominus
975 2747 1175 2827 exercituum,
1209 2765 1303 2829 quem
1337 2748 1419 2814 uidit

280 2852 389 2916 Esaias
413 2854 445 2915 et
467 2853 520 2933 qui
542 2852 664 2916 locutus
689 2854 736 2915 est
757 2869 812 2933 per
834 2850 970 2914 Esaiam.
1016 2851 1070 2914 sed
1100 2852 1173 2933 quia
1199 2854 1281 2916 trina
1303 2853 1418 2935 repeti-

280 2957 364 3020 tione
379 2956 544 3038 persultat:
558 2959 694 3035 sanctus,
708 2959 845 3035 sanctus,
863 2959 999 3036 sanctus
1016 2955 1188 3037 uideamus,
1205 2977 1243 3021 ne
1255 2957 1306 3021 hic
1317 2956 1418 3022 honor

280 3061 320 3124 ad
342 3063 441 3124 totam
463 3060 610 3142 respiciat
631 3060 814 3124 trinitatem.
849 3059 958 3124 Esaias
978 3079 1049 3124 cum
1065 3061 1151 3124 dicit:
1175 3062 1238 3125 uidi
1253 3061 1418 3127 dominnm

229 3191 255 3231 11
281 3163 426 3244 Sabaoth,
449 3167 570 3246 patrem
593 3163 715 3228 Iudaeis
736 3163 914 3256 agnoscitur
929 3165 1115 3248 praedicare.
1150 3165 1304 3230 Iohannes
1319 3183 1418 3230 euan-

280 3268 392 3351 gelista
415 3272 520 3349 aperte
544 3267 643 3332 lilium
665 3267 814 3350 probatur
836 3255 978 3332 adserere
1001 3269 1046 3333 ita
1068 3268 1188 3334 dicens:
1219 3275 1418 3353 propterea

280 3389 351 3436 uon
373 3375 550 3454 poterant
572 3372 722 3436 credere
745 3373 781 3436 in
805 3373 943 3453 lesum,
966 3374 1050 3455 quia
1073 3373 1166 3437 (11111
1188 3373 1332 3438 Esaias:
1360 3393 1419 3438 61-

281 3477 451 3541 caecauit
480 3477 606 3542 oculos
638 3494 762 3542 eorum
791 3481 826 3541 et
855 3475 1056 3542 obdurabit
1077 3495 1137 3542 cor
1160 3497 1292 3543 eorum.
1337 3479 1419 3544 haec

280 3581 357 3645 dirit
379 3581 499 3660 Esaias,
530 3581 653 3662 quando
684 3581 761 3646 molit
790 3583 920 3664 gloriam
951 3581 1006 3645 filii
1035 3581 1083 3646 dei
1107 3586 1139 3646 et
1160 3583 1282 3648 locutus
1305 3588 1353 3647 est
1375 3584 1416 3649 de

228 3736 232 3744 ·
381 3709 608 3778 4]10ann.1l‚9.
645 3709 785 3778 51Psalm.
801 3713 894 3775 rear.
933 3710 1180 3780 immensam.
1219 3711 1262 3781 13]
1275 3711 1343 3765 Esai.
1354 3714 1416 3776 6,1.

280 3797 324 3866 16]
341 3795 485 3860 insalsa.
539 3797 584 3865 26]
604 3796 694 3850 Ioanu.
711 3799 750 3862 12,
764 3799 805 3852 39.

322 3911 398 3965 Eme
416 3909 537 3978 inquiens
556 3909 583 3964 11
634 3912 711 3964 41116
730 3909 805 3963 uidet
822 3911 849 3966 11
907 3917 1060 3967 8116611611
1079 3928 1129 3966 om.
1148 3911 1176 3967 11
1234 3909 1417 3966 1211111166-

279 3997 327 4051 lia.
349 4000 384 4048 19
405 3995 542 4065 uidebitis]
567 3999 601 4065 es.
623 3998 717 4052 Faust.
742 3997 774 4052 (16
795 3998 861 4066 spi-r.
883 4015 904 4052 s.
923 4016 951 4067 p.
974 4003 1033 4064 112,
1055 4002 1141 4053 6-13
1211 4001 1369 4052 annumerat
1388 4000 1418 4055 R

280 4085 312 4138 14
330 4083 452 4151 seraphin
470 4084 497 4139 11
551 4086 583 4139 16
601 4087 628 4138 et
645 4091 708 4139 6616
726 4083 815 4138 andini
835 4103 884 4140 om.
904 4085 931 4140 11
994 4089 1025 4141 17
1044 4085 1132 4142 (11611
1188 4089 1222 4142 20
1240 4086 1416 4140 credamus-—

274 4187 304 4240 p.
317 4173 377 4239 343,
388 4173 424 4223 30
441 4169 615 4239 adprobatur]
634 4174 668 4239 cf.
682 4172 779 4226 111661.
793 4171 825 4226 de
842 4173 908 4240 spir.
921 4191 941 4228 s.
952 4191 981 4242 p.
994 4177 1054 4240 112,
1068 4177 1226 4238 19-111,7
1279 4172 1373 4226 saltem
1387 4175 1419 4231 R

278 4258 303 4324 (e
321 4258 463 4324 uacauit.)
515 4257 622 4326 preconi
639 4258 666 4313 11
717 4260 749 4313 21
770 4258 879 4326 spiritus
898 4262 1005 4313 sanctus
1023 4261 1050 4316 11
1102 4259 1155 4314 fuit
1171 4261 1198 4316 11
1250 4259 1417 4315 exercituum

279 4342 402 4396 dominus
419 4343 446 4398 11
515 4347 548 4400 22
567 4345 734 4413 responsione
751 4345 779 4401 11
847 4347 880 4402 23
899 4349 1005 4400 sanctus
1023 4347 1050 4402 11
1068 4353 1162 4416 poster
1231 4349 1264 4402 25
1282 4345 1367 4401 iudeis
1385 4351 1418 4407 R

277 4432 311 4485 26
329 4445 444 4484 asserere
462 4431 489 4487 11
540 4433 745 4487 aeae-eorum
764 4449 814 4488 om.
833 4432 861 4488 11
