3264 5134
336 478 374 541 18
795 479 816 532 1.
836 479 880 532 Da
898 478 1007 546 gratia

332 654 420 734 quin
442 655 565 736 gratia
587 654 658 717 iam
682 671 752 718 non
775 659 833 718 est
855 656 986 737 gratia.
1016 654 1129 736 quibus
1151 654 1398 735 respondendum
1415 659 1463 717 est

332 757 392 822 duo
420 777 487 822 esse
514 775 630 841 genera
652 777 791 840 operum,
822 776 953 841 quornm
983 777 1081 822 unum
1109 763 1180 840 pust
1209 758 1378 822 aduentum
1408 757 1462 822 do·

332 862 409 926 mini
424 867 612 943 remoretur,
629 863 713 926 eliud
730 863 927 945 adprobatur.
958 881 1032 927 nam
1052 863 1197 927 dicendo:
1222 863 1254 925 ei
1277 880 1377 942 uero,
1400 863 1461 943 qui

332 984 402 1030 non
430 970 618 1050 operatur,
647 967 814 1030 eredenti
843 971 966 1031 autem
996 968 1032 1030 in
1063 986 1157 1046 eum,
1188 967 1248 1048 qui
1275 967 1462 1030 iustificat

292 1086 306 1125 a
332 1069 501 1152 impium,
524 1073 720 1154 reputatur
743 1071 838 1135 fidos
863 1071 942 1134 eius
966 1071 1008 1134 ad
1023 1070 1224 1150 iustitiam,
1248 1069 1460 1153 aportefidem

331 1174 408 1256 legis
432 1173 576 1256 operibus
599 1174 769 1256 anteponit.
806 1193 907 1255 noque
935 1175 1018 1238 enim
1045 1175 1255 1256 apostolorum
1282 1165 1461 1238 testimonia

332 1278 563 1360 conpugnantia
585 1281 615 1341 et
637 1278 791 1342 contraria
813 1278 872 1342 sibi
896 1297 964 1342 esse
984 1278 1133 1358 dicemus
1157 1296 1228 1341 oum
1244 1278 1323 1341 alius
1339 1281 1460 1360 aposto·

331 1382 380 1444 lus
411 1381 510 1446 dicat:
545 1381 640 1445 fides
671 1382 750 1445 sine
780 1381 954 1464 operibus
988 1385 1133 1446 mortua
1164 1387 1233 1462 est,
1267 1385 1299 1445 et
1328 1383 1459 1446 iterum:

332 1485 485 1549 ostende
509 1486 597 1549 mihi
618 1485 730 1549 fidem
754 1489 855 1550 tuam
878 1487 957 1550 sine
980 1486 1152 1569 operibus
1181 1489 1217 1549 et
1248 1503 1313 1570 ego
1341 1489 1460 1549 osten·

238 1635 241 1640 ,
282 1605 305 1644 ro
332 1589 412 1653 dam
435 1589 505 1654 tibi
528 1609 568 1653 ex
591 1589 893 1673 operibusiidsm
910 1609 1035 1654 meam.
1068 1593 1106 1654 tu
1129 1590 1264 1670 eredis,
1288 1589 1459 1671 quoniam

294 1723 296 1728 ·
331 1713 424 1757 unus
456 1693 543 1756 deus
574 1697 643 1773 ost,
673 1693 765 1758 bene
795 1695 899 1758 facis.
942 1698 978 1758 et
1011 1695 1207 1758 daemones
1237 1694 1392 1758 credunt
1426 1697 1461 1756 et

332 1798 637 1876 contremiscunt,
667 1798 760 1861 item:
793 1799 890 1862 sicut
920 1799 1017 1862 enim
1048 1817 1179 1881 corpus
1214 1799 1292 1861 sine
1324 1797 1459 1879 spiritu

333 1905 516 1964 mortuum
547 1905 616 1982 ost,
647 1902 700 1965 ita
730 1906 765 1966 et
794 1902 891 1966 fides
922 1903 1000 1966 sine
1027 1903 1201 1985 operibus
1228 1906 1372 1966 mortua
1394 1905 1458 1964 est.

332 2005 385 2067 sed
408 2023 464 2068 nec
486 2005 552 2086 ipss
575 2005 680 2069 doctor
702 2005 843 2089 gentium
866 2006 982 2069 Paulus
1005 2007 1146 2070 diuersus
1162 2006 1221 2070 sibi
1244 2009 1274 2070 et
1288 2007 1459 2069 contrarius

279 2123 304 2162 ¹⁵
332 2107 492 2190 apparebit
524 2109 569 2172 ita
602 2109 725 2173 dicens:
763 2110 800 2173 in
837 2109 1008 2174 omnibus
1043 2109 1280 2174 exhibeamus
1315 2113 1460 2174 nosmet

330 2213 429 2294 ipsos
453 2212 552 2276 siout
574 2212 632 2276 dei
654 2213 848 2278 ministros
871 2214 908 2278 in
930 2214 1261 2297 multapatientia,
1285 2215 1322 2278 in
1344 2211 1460 2277 tribn-

330 2315 551 2397 lationibuS,
574 2317 612 2380 in
634 2317 941 2398 necessitatibus,
969 2318 1007 2382 in
1030 2318 1231 2402 angustiis,
1259 2319 1295 2381 in
1322 2317 1458 2400 plagis,

330 2419 366 2483 in
390 2420 619 2501 carceribus,
642 2421 680 2484 in
702 2421 969 2502 seditionibus,
993 2422 1030 2485 in
1052 2421 1260 2502 laboribuS,
1284 2422 1457 2485 etiterum:

330 2525 584 2606 unusquisque
617 2525 803 2607 propriam
835 2526 1040 2590 mercedem
1071 2526 1229 2608 accipiet
1258 2524 1457 2588 seeundum

278 2643 304 2680 ro
330 2646 434 2691 suum
457 2628 629 2693 laborem.
666 2647 744 2711 quae
767 2630 919 2712 imperitis
947 2629 1076 2694 indoctis
1104 2633 1135 2693 ct
1164 2629 1221 2710 his,
1252 2629 1305 2710 qui
1335 2627 1456 2692 ueritati

329 2731 485 2798 obstinato
513 2733 624 2815 spiritu
646 2733 847 2814 reluctantur,
878 2734 1086 2798 discordantia
1112 2733 1311 2798 uidebuntur.
1349 2751 1457 2796 uerum

329 2836 415 2900 iuxta
436 2837 622 2901 catholicam
644 2838 784 2920 regulam
807 2855 900 2919 opera
922 2838 1000 2921 legis
1024 2841 1228 2932 euacuantur,
1248 2856 1326 2920 quae
1349 2855 1457 2901 secun-

330 2939 404 3003 dum
426 2941 561 3005 litteram
586 2945 669 3020 sunt,
693 2944 725 3005 ct
747 2959 793 3021 ea,
817 2959 895 3022 quae
917 2947 990 3024 post
1011 2943 1145 3026 gratiam
1167 2942 1336 3007 comitante
1358 2941 1458 3025 gratia

329 3043 465 3124 gerenda
487 3047 569 3123 sunt,
593 3047 784 3108 asseruntur.

277 3160 303 3200 ²⁶
372 3145 541 3210 Uideamus
565 3149 590 3210 si
613 3148 671 3211 hoc
698 3149 743 3212 ita
770 3167 837 3212 csse
854 3149 957 3212 rebus
985 3150 1061 3231 ipsis
1089 3149 1259 3231 adprobare
1286 3149 1455 3212 ualeamus.

330 3267 423 3332 opera
445 3251 523 3333 legis
547 3250 662 3314 destrui
686 3253 829 3334 legimus,
858 3271 928 3315 oum
951 3253 1138 3316 Iudaeorum
1161 3253 1327 3334 conprimit
1350 3252 1456 3316 elatio-

329 3372 402 3417 nem
425 3354 546 3418 dicens:
576 3355 637 3418 ubi
666 3359 735 3436 est,
763 3356 875 3437 iuquit,
906 3358 1083 3440 gloriatio
1112 3360 1195 3422 tua?
1219 3358 1368 3421 exclusa
1390 3361 1455 3420 est.

328 3477 391 3539 per
414 3477 520 3540 quam
543 3459 687 3542 legem?
711 3459 919 3524 factorum?
943 3479 1028 3542 non,
1052 3461 1116 3526 sed
1137 3462 1334 3544 perlegem
1357 3461 1456 3524 fidei.

329 3561 554 3626 arbitramur
578 3563 672 3626 enim
698 3563 902 3628 iustificari
929 3565 1112 3629 hominem
1142 3585 1205 3648 per
1235 3565 1349 3629 iidem
1379 3565 1457 3629 sine

277 3679 302 3718 ³0
329 3665 501 3747 operibus
523 3666 629 3748 legis.
660 3667 801 3730 similiter
823 3671 855 3732 et
878 3668 915 3732 ad
939 3667 1066 3733 Galatas
1089 3669 1177 3733 dicit:
1206 3669 1383 3750 seientes,
1410 3669 1458 3732 in·

328 3768 411 3850 quit,
442 3769 535 3851 qnod
570 3787 640 3833 non
675 3771 911 3836 iustificetur
940 3773 1046 3835 homo
1081 3791 1121 3836 ar
1155 3773 1329 3856 operibus
1362 3773 1456 3854 legis

430 3965 458 4034 8]
477 3965 528 4020 Iac.
542 3969 566 4030 2,
582 3969 612 4023 17
622 3982 660 4036 sq.
703 3968 899 4038 12]1ao.2,26.
947 3969 1202 4040 15]200r.6,4sq.
1243 3969 1455 4040 reuersas.

328 4051 373 4120 27]
392 4051 467 4106 Rom
487 4054 511 4116 3,
524 4055 565 4108 27.
619 4053 664 4124 30]
684 4053 741 4110 Gal.
760 4057 841 4120 2,16.

371 4207 602 4277 3improbaturu
649 4212 826 4314 begtepouet
844 4212 871 4264 P
916 4178 1147 4281 Scpcribussiua
1165 4215 1192 4268 P
1239 4215 1270 4268 lb
1288 4212 1459 4281 pacientiaP

327 4319 361 4374 20
378 4319 519 4390 imperitis]
532 4322 664 4377 stoddo
708 4323 792 4376 doctis
811 4324 851 4376 P¹
899 4326 932 4379 23
950 4325 1047 4393 mutia]
1066 4326 1179 4393 gratiam
1192 4326 1221 4379 P
1270 4327 1304 4380 26
1322 4325 1418 4378 distrui
1431 4326 1459 4379 P

327 4407 361 4462 28
379 4406 456 4459 fidaei
474 4408 502 4461 P
552 4410 585 4463 29
603 4407 718 4462 irratiiari
737 4409 777 4463 P¹
830 4411 863 4464 30
881 4409 1001 4477 galathas
1020 4411 1047 4464 P
