3264 5134
55 1085 67 1130 Ι

252 435 294 498 92
712 432 733 488 I.
752 433 796 486 Dc
814 434 922 501 gratia

251 632 334 678 ecoe
365 613 530 697 agricola
560 615 729 696 expectat
758 612 963 694 pretiosum
991 615 1113 675 terrae
1136 611 1314 690 fructum,
1345 615 1386 675 ut

250 718 409 800 recipiat
432 717 678 800 temporinam
702 721 737 781 et
759 717 974 780 serotinum.
1009 716 1083 798 quid
1103 718 1150 779 est
1165 716 1385 797 temporiuum,

250 822 323 904 quid
339 823 530 886 serotinum?
561 821 726 903 temporiui
742 821 862 885 fructus
879 825 963 901 suut,
986 838 1063 902 quos
1080 819 1240 904 stipendiis
1256 820 1384 884 militiae

249 928 421 1010 praesentis
444 927 645 1008 adquirimus.
690 927 818 990 serotini
841 931 923 1006 sunt,
947 944 1023 1008 qnos
1046 929 1116 1008 post
1140 927 1301 989 emeritam
1322 945 1386 989 ser-

210 1061 223 1098 a
250 1033 383 1096 nitatem
406 1033 437 1096 in
457 1024 542 1096 illius
566 1032 680 1094 saeculi
703 1030 905 1094 retributione
928 1031 1097 1113 capiemus.
1132 1031 1297 1112 temporiui
1313 1037 1386 1095 sunt

250 1137 326 1201 fides
351 1141 443 1218 atque
464 1137 624 1200 sinceritas
641 1136 751 1216 cordis,
774 1135 995 1228 beniuolentia,
1018 1135 1151 1216 corporis
1168 1137 1386 1217 temperantia,

251 1245 448 1325 contemptus
479 1241 563 1321 mali,
595 1241 749 1323 appetitus
777 1239 862 1320 boni,
893 1239 1101 1322 tranquillitas
1125 1239 1386 1320 mausuetudinis,

249 1347 369 1428 puritas
400 1346 560 1410 castitatis.
606 1345 733 1410 serotini
764 1345 884 1409 tructus
916 1349 989 1408 sunt
1019 1345 1183 1436 adquisitio
1210 1362 1315 1408 rerum
1338 1345 1387 1408 in·

250 1451 442 1530 mortalium,
476 1449 632 1514 hereditas
667 1450 861 1530 caelestium,
895 1450 1067 1533 proprietas
1103 1453 1313 1529 aeternorum,
1348 1449 1386 1513 do

199 1583 223 1622 ιο
250 1554 363 1638 quibus
387 1555 513 1618 dicitm:
543 1573 609 1618 nec
639 1555 765 1619 oculos
795 1555 890 1618 uidit
920 1573 985 1618 nec
1015 1557 1114 1618 auris
1146 1554 1292 1617 audiuit
1319 1573 1386 1619 neo

249 1660 289 1723 in
319 1677 379 1723 cor
408 1659 567 1723 hominis
598 1659 781 1739 ascendit,
812 1677 903 1742 quae
933 1657 1175 1742 praeparauit
1201 1657 1289 1721 dens
1311 1657 1385 1738 his,

249 1764 310 1847 qui
341 1763 507 1847 diligunt
537 1764 653 1828 illum.
699 1764 736 1827 de
767 1764 878 1846 quibus
909 1783 963 1847 per
994 1763 1150 1846 apostolos
1179 1767 1210 1826 et
1233 1767 1385 1845 martyres

249 1868 375 1932 dicitur:
406 1886 476 1932 uon
507 1873 594 1932 sunt
624 1869 830 1952 condignae
856 1869 1051 1950 passiones
1074 1867 1183 1931 huius
1207 1867 1385 1950 temporis

249 1973 292 2036 ad
319 1973 483 2036 futuram
506 1973 679 2057 gloriam,
710 1991 802 2056 quae
825 1973 1060 2038 reuelabitnr
1083 1973 1119 2036 in
1142 1970 1259 2036 nobie.
1305 1977 1386 2036 tem·

199 2077 348 2161 1spor·iui
378 2078 483 2160 itaque
513 2077 634 2142 fructus
665 2079 697 2142 iu
728 2077 895 2143 uirtutibus
922 2081 1006 2158 sunt,
1037 2077 1165 2142 serotini
1186 2078 1219 2141 in
1241 2095 1387 2141 remune-

249 2182 367 2246 ratione
396 2181 558 2246 uirtutum.
605 2183 771 2266 temporini
803 2187 886 2263 sunt,
917 2201 994 2265 quos
1017 2182 1066 2246 hic
1089 2199 1182 2266 opera
1204 2182 1331 2266 capiunt
1352 2182 1386 2245 in

249 2287 432 2369 praeceptio,
465 2287 602 2366 serotini,
634 2304 710 2370 quos
738 2287 800 2350 illic
828 2291 902 2351 uota
924 2289 1152 2368 consequentur
1174 2287 1206 2350 in
1228 2285 1384 2370 praemiis.

292 2389 452 2472 Quantum
476 2409 549 2474 ergo
573 2391 743 2455 delectetur
766 2392 853 2471 deus,
885 2391 911 2456 si
934 2391 1099 2455 fecerimus
1123 2409 1257 2471 murum,
1284 2389 1387 2455 idest

249 2496 476 2560 ualidissimum
507 2499 616 2562 contra
645 2495 797 2560 offensam
828 2496 877 2560 dai
908 2495 1143 2578 supplicationis
1177 2493 1385 2577 obstaculum,

197 2627 223 2666 so
249 2601 329 2664 siout
344 2600 493 2680 tecitille,
519 2600 555 2664 de
572 2617 632 2682 quo
648 2600 796 2684 legimus:
819 2600 1035 2682 properauit
1057 2599 1154 2663 enim
1177 2599 1283 2664 homo
1306 2601 1385 2664 sine

249 2705 418 2786 querella
453 2705 647 2788 deprecari
683 2722 748 2789 pro
783 2704 919 2787 populo
956 2704 1150 2787 proferens
1187 2704 1385 2768 seruitutis

250 2827 336 2873 suae
357 2813 518 2890 scutum,
539 2809 686 2873 restitit
700 2809 775 2873 irae
792 2813 827 2873 et
841 2809 956 2873 finem
972 2809 1139 2892 inposuit
1152 2809 1385 2874 necessitati.

250 2913 311 2996 qui
341 2917 474 2994 staret,
505 2914 616 2995 iuquit,
647 2913 842 2996 oppositus
869 2917 1000 2978 contra
1023 2931 1078 2977 me
1100 2917 1311 2996 propterea,
1341 2933 1385 2978 nc

250 3017 502 3100 disperderem
525 3037 613 3082 eam.
649 3019 702 3100 qui
725 3019 869 3100 ostendit,
893 3019 1046 3100 quomodo
1070 3019 1134 3082 eius
1150 3019 1197 3082 ira
1213 3021 1385 3102 superetur,

198 3147 224 3188 ss
250 3123 384 3204 quodam
407 3123 497 3187 modo
520 3124 661 3206 placatus
686 3123 838 3186 irascitur.
877 3124 958 3187 iuter
979 3123 1056 3186 haec
1079 3123 1265 3205 quicumque
1288 3140 1307 3186 a
1328 3139 1385 3204 po·

249 3227 424 3291 tentissimo
455 3244 490 3290 ac
520 3227 693 3291 iustissimo
724 3227 881 3291 conditore
911 3229 955 3291 ita
977 3228 1095 3291 tactum
1118 3227 1278 3292 hominem
1301 3226 1384 3307 dicit,

249 3333 285 3394 ut
317 3349 398 3394 unns
432 3331 464 3394 in
499 3331 657 3395 sinistram
692 3333 757 3396 sine
791 3333 914 3416 proprio
946 3331 1074 3396 crimine
1105 3331 1230 3413 inpulsu
1261 3334 1385 3395 tantum

248 3435 473 3517 praescientiae
504 3435 680 3518 deputetur,
712 3437 789 3500 alter
819 3437 851 3500 iu
882 3436 1041 3500 dexteram
1063 3436 1243 3499 indiscussis
1266 3435 1385 3499 moritis

250 3539 441 3620 adtrahatur,
470 3539 529 3604 hoc
559 3544 665 3623 aperte
693 3559 831 3604 asserere
858 3541 1100 3623 deprehenditur
1122 3540 1311 3604 inordinatas
1334 3539 1385 3603 uel

198 3669 223 3708 ao
248 3643 368 3726 iniquas
392 3663 460 3708 esse
483 3644 700 3728 dispositiones
724 3649 756 3709 et
778 3645 904 3710 lactoris
928 3649 959 3708 et
981 3645 1101 3709 iudicis.

354 3805 527 3876 quasa
583 3807 734 3876 ro]1oor.
748 3810 772 3872 2,
785 3811 809 3863 a.
865 3808 909 3876 131
928 3807 1004 3862 nom.
1017 3809 1041 3872 s,
1057 3811 1095 3866 re.
1149 3807 1385 3876 corcapraor.

133 3863 139 3876 '
248 3893 294 3964 aa]
313 3893 405 3948 saecu.
418 3896 459 3958 22,
473 3896 515 3949 ao.

293 4041 459 4110 lpraatiosri
475 4041 503 4095 P
553 4041 732 4096 2sarctiuum
750 4041 778 4095 P
828 4041 986 4095 ⁴irneritam
1006 4043 1033 4096 P
1084 4039 1205 4097 5sccull
1224 4040 1252 4095 P
1303 4041 1385 4096 oad-

180 4127 183 4135 '
250 4143 316 4196 quae
334 4129 362 4182 P
413 4130 595 4182 loontemtua
614 4129 641 4182 P
691 4127 840 4196 appetitum
859 4129 887 4182 P
938 4131 970 4184 13
989 4127 1119 4196 condigne
1137 4129 1165 4182 P
1214 4127 1343 4196 passionis
1360 4129 1387 4182 P

252 4218 283 4269 15
302 4214 407 4282 itaquae
426 4216 453 4268 P
517 4218 548 4271 18
567 4215 589 4267 sl
608 4214 748 4268 fecerimus
766 4217 874 4284 scripsi,
892 4215 947 4268 siue
966 4217 999 4282 P,
1018 4215 1109 4270 fieriu
1178 4217 1211 4270 21
1231 4213 1342 4282 quorllla
1360 4216 1388 4269 P

250 4301 440 4370 depraecariP
481 4304 515 4356 24
528 4305 691 4369 separatura
735 4305 768 4356 25
782 4301 997 4370 quicumquaeP
1047 4305 1081 4357 26
1099 4318 1129 4355 ac
1147 4301 1385 4357 iustissimonia

249 4389 282 4443 29
301 4385 523 4456 depraehenditur
540 4389 568 4442 P
619 4390 652 4443 30
670 4387 784 4442 factores
802 4389 840 4442 P¹
