3268 5142
633 445 698 540 1111.
718 486 826 540 sermo
845 487 886 541 nr.
1263 486 1326 550 333

189 665 237 726 tot
258 661 383 726 uincula
406 662 488 726 circa
511 680 543 725 se
567 661 706 726 sentiens
730 679 844 745 negare
866 661 992 726 incertis
1015 660 1109 724 fidem
1133 661 1244 726 statuit
1271 679 1327 725 nee

190 766 368 831 consentire
392 785 425 830 se
440 784 532 848 posse
548 764 698 830 defininit.
737 769 772 829 ut
795 765 826 830 in
850 764 977 829 lubricis
994 765 1120 846 quidem
1143 765 1235 828 malis
1258 764 1327 828 ideo

189 871 322 936 iocunda
344 872 523 952 ereduntur,
555 870 629 953 quia
651 872 712 935 cito
736 871 823 934 uelut
849 873 975 935 ostenso
1002 871 1049 934 sui
1072 869 1145 934 flore
1169 873 1328 953 pertrans-

190 979 276 1055 eunt,
309 976 387 1040 haec
416 976 485 1040 ideo
515 975 561 1040 illi
590 975 692 1058 magis
726 978 871 1058 suspecta
902 977 1000 1054 erant,
1035 975 1108 1057 quia
1142 977 1326 1038 sectatorem

189 1099 284 1144 suom
308 1080 411 1164 specie
434 1080 572 1164 capiunt,
600 1080 761 1162 uoluptate
788 1079 932 1161 perdunt,
960 1079 1119 1144 celeritate
1142 1078 1325 1143 destituunt.
1367 1105 1380 1142 c

234 1183 440 1250 considerans
463 1185 566 1266 itaque
590 1183 738 1248 uniuersa
753 1183 868 1248 saeculi
884 1182 1058 1266 praesentis
1080 1183 1186 1248 inania
1209 1186 1240 1246 et
1255 1187 1327 1247 ante

187 1289 296 1353 oculos
319 1306 391 1352 suos
415 1289 564 1372 colligens
588 1289 693 1370 eisque
716 1289 803 1352 uelut
826 1288 863 1351 de
887 1288 1058 1370 sapientiae
1081 1305 1150 1352 arce
1174 1287 1327 1370 despectis

188 1395 225 1456 et
247 1391 305 1456 sub
329 1397 527 1456 aeternorum
550 1392 781 1475 comparatione
808 1392 839 1456 in
868 1391 1000 1456 nibilum
1024 1391 1193 1474 repudiatis
1221 1409 1327 1455 secum

187 1496 274 1578 apud
296 1495 389 1561 fidem
413 1515 503 1561 suam
527 1497 698 1561 uoluntatis
722 1493 986 1560 consolationibus
1010 1499 1041 1560 et
1061 1495 1326 1560 conlocutionibus

187 1600 331 1664 infusum
359 1601 420 1664 iam
449 1602 505 1665 deo
532 1605 640 1682 pectus
668 1600 815 1664 armauit:
845 1600 921 1664 nihil
949 1600 1026 1664 mibi
1053 1600 1136 1664 ultra
1162 1600 1327 1664 commune
1355 1627 1380 1666 ιο

187 1705 358 1770 manifeste
381 1709 496 1786 tecum,
524 1705 644 1769 fallacis
672 1705 781 1769 mundi
808 1704 908 1788 ligura
933 1704 1134 1788 praeteriens.
1181 1705 1239 1769 hoo
1266 1722 1327 1769 uno

186 1827 305 1892 genere
325 1809 488 1892 adquiram
508 1809 671 1874 uictoriam
688 1809 928 1891 derelinquendo
945 1813 975 1872 te
991 1827 1049 1873 nee
1064 1809 1187 1872 incurso
1203 1827 1327 1872 rursum

188 1913 343 1977 damnum
371 1917 403 1977 et
424 1933 479 1996 per
502 1932 593 1977 usum
617 1913 664 1977 tui
686 1914 826 1996 palmam
854 1913 891 1976 de
915 1917 945 1977 te
968 1913 1071 1995 potius
1095 1913 1216 1996 capiam
1238 1930 1328 1995 prae-

187 2017 316 2080 fulsarn.
362 2035 457 2100 quam
484 2017 561 2081 nihil
590 2036 623 2081 es
652 2020 683 2081 et
710 2021 861 2099 quantum
888 2017 1051 2099 aliquoties
1082 2017 1204 2080 danitas
1232 2021 1328 2080 terre·

187 2124 317 2186 norum!
355 2122 490 2186 multum
513 2122 676 2206 praccipio,
701 2121 776 2186 dum
798 2123 923 2202 teneris,
946 2121 1002 2185 sed
1020 2122 1090 2204 plus
1106 2121 1229 2202 tribuis,
1252 2122 1326 2184 dum
1356 2147 1380 2185 re

186 2227 372 2308 repudiaris.
425 2230 595 2291 sectatores
630 2229 700 2290 tuos
735 2226 873 2308 adpetita
906 2228 1064 2309 captiuas,
1099 2229 1327 2307 contemptores

187 2334 261 2395 tuos
284 2331 431 2414 despecta
452 2329 608 2414 glorificas
631 2349 763 2414 magnas
785 2351 842 2414 per
864 2331 971 2396 odium
998 2348 1034 2394 ac
1055 2331 1162 2414 fugam
1186 2331 1231 2394 tui
1254 2348 1328 2394 con-

187 2435 294 2498 latura
317 2435 449 2499 diuitias.
492 2435 566 2517 quid
589 2435 699 2518 plura?
744 2435 825 2499 inter
848 2435 929 2498 uitae
953 2435 1046 2498 huius
1070 2435 1232 2518 naufragia
1255 2453 1328 2498 con-

189 2539 313 2602 clusum
344 2543 376 2603 et
405 2539 438 2602 in
469 2539 580 2602 mediis
603 2540 718 2604 saeculi
740 2537 887 2604 ductibus
910 2540 1046 2622 positum
1077 2543 1109 2602 et
1138 2538 1225 2602 uelut
1255 2557 1326 2602 cum

189 2643 269 2707 Iona
290 2643 321 2706 in
344 2643 428 2707 illins
451 2643 651 2707 deuoratricis
676 2647 768 2725 atque
791 2643 926 2707 inmanis
950 2642 1067 2707 bestiae
1090 2641 1231 2705 saucibus
1254 2659 1327 2705 con·
1354 2667 1380 2705 so

189 2747 337 2810 stitutum
362 2747 400 2810 ad
423 2747 584 2811 dominum
607 2747 644 2810 de
666 2747 819 2830 profundo
842 2747 1032 2811 clamantem
1055 2749 1199 2810 sanctum
1219 2744 1326 2828 Augu-

190 2849 312 2914 stinum
342 2851 460 2915 inuitus
490 2851 564 2915 licet
586 2851 722 2914 mundus
757 2851 874 2914 euomit
908 2853 939 2914 et
966 2849 1157 2933 profectibus
1187 2850 1326 2913 omniurn

191 2954 406 3036 ecclesiarum,
427 2972 559 3037 quarum
581 2955 770 3019 utilitatibus
785 2953 1040 3037 praeparabatur,
1064 2953 1177 3018 emisit.
1209 2957 1241 3017 et
1256 2953 1329 3034 quia

189 3059 269 3122 haec
290 3063 338 3123 est
358 3061 470 3123 natura
492 3059 630 3123 iustitiae
653 3063 746 3141 atque
771 3058 905 3140 uirtutis,
928 3062 972 3138 nt,
996 3061 1112 3141 quanto
1135 3057 1236 3122 studio
1260 3057 1327 3120 diu·

192 3161 257 3226 tius
280 3161 430 3227 abscondi
452 3165 548 3246 optat,
576 3167 662 3228 tanto
686 3163 799 3226 clarius
822 3163 997 3226 innotescat
1019 3165 1051 3226 et
1073 3161 1238 3226 occultatio
1259 3162 1327 3243 ipsa
1354 3187 1379 3226 er

189 3266 325 3348 proditio
355 3267 409 3347 sit,
439 3267 557 3350 passim
586 3285 641 3350 per
671 3267 801 3350 populos
831 3267 955 3330 conscia
984 3269 1143 3330 tantorum
1173 3265 1326 3330 bonorum

190 3370 277 3434 fama
299 3368 451 3434 uolitabat
474 3374 506 3434 et
528 3370 620 3434 odore
644 3371 880 3435 amoenissimae
904 3370 1068 3434 suauitatis
1091 3371 1183 3452 longe
1202 3370 1326 3450 lateque

191 3474 341 3558 fulgebat.
366 3473 524 3538 eminebat
539 3474 633 3538 etiam
657 3475 688 3538 in
704 3475 814 3538 humili
829 3475 896 3538 loco
919 3475 950 3538 in
967 3474 1170 3539 admiratione
1186 3474 1327 3538 omnium

190 3577 279 3643 uelut
301 3577 414 3642 ciuitas
437 3596 531 3660 super
553 3579 705 3643 uerticem
729 3578 844 3642 montis
867 3578 1006 3660 exposita
1036 3595 1093 3642 nec
1115 3578 1177 3642 iam
1200 3578 1328 3641 lucerna

189 3685 313 3766 poterat
342 3682 439 3747 latere
470 3681 528 3747 sub
560 3682 662 3747 modio
692 3701 750 3747 neo
780 3681 988 3766 recipiebatur
1021 3701 1078 3747 nec
1109 3681 1327 3746 continebatur
1353 3705 1380 3745 so

189 3787 273 3852 inne
294 3785 461 3852 latibulum
484 3805 576 3852 suurn
600 3787 759 3852 exundans
791 3787 890 3870 sidere
912 3788 1020 3851 lumen
1044 3785 1236 3870 magnitudo.
1282 3785 1327 3850 sic

234 3989 408 4062 bnoluptata
425 3993 530 4063 accipet,
549 3990 687 4048 uoluntate
704 3992 733 4047 P
784 3991 897 4064 lorche
915 3993 943 4048 P
994 3991 1169 4062 dispecth
1220 3994 1251 4048 11
1270 4007 1327 4046 ma·

191 4079 287 4134 nileste
305 4083 394 4134 mcum
411 4081 519 4150 accipet,
537 4079 693 4134 manifestae
712 4095 773 4134 cum
792 4080 819 4134 P
871 4081 902 4136 12
921 4079 1007 4133 cinere
1019 4079 1047 4134 P
1098 4078 1203 4134 incurso
1220 4081 1327 4150 scripsi,

191 4166 300 4221 incursu
318 4167 346 4222 P
409 4169 442 4222 13
460 4165 608 4235 dampnum
625 4167 654 4222 P
716 4167 748 4222 14
767 4165 849 4219 niclril
867 4166 895 4220 P
952 4171 1016 4235 post
1034 4167 1198 4220 terrenorum
1216 4159 1354 4222 wbum'

190 4253 321 4310 acidiam
337 4253 446 4308 uidam
499 4255 530 4308 17
543 4253 702 4322 dispectsP
751 4255 786 4309 20
804 4253 893 4306 ionem
910 4252 938 4306 P
987 4254 1021 4308 23
1039 4252 1101 4320 quia
1118 4252 1274 4308 haec-lin.
1293 4257 1326 4308 31

193 4339 361 4410 magnitudo]
380 4343 415 4410 os.
434 4341 532 4396 Esset.
550 4343 619 4396 bom.
637 4345 672 4395 34
694 4341 753 4406 (VI
770 4343 822 4395 655
838 4341 879 4406 D)
932 4341 966 4396 24
983 4339 1103 4392 iusticias
1121 4340 1149 4394 P
1198 4341 1230 4396 31
1251 4341 1326 4394 sic-

189 4445 218 4496 p.
230 4431 319 4495 asae
337 4427 436 4496 utum]
454 4429 489 4496 cf,
503 4427 601 4483 aba.
614 4429 684 4484 aaa
697 4431 731 4482 aa
749 4427 867 4494 (trees
878 4425 920 4493 m
