3268 5142
643 485 707 543 1111.
728 486 836 539 Sermo
854 487 896 541 al.
1276 487 1339 552 345

200 661 298 746 gradu
329 662 455 726 tertium
485 664 640 726 monstrat
668 663 771 726 unitas
802 661 985 727 maiestatis.
1031 663 1084 744 qni
1114 663 1198 727 enim
1229 663 1266 726 de
1292 665 1339 728 in·

201 764 366 830 terioribus
389 765 439 830 dei
461 765 668 850 progreditur,
698 784 760 831 non
783 766 833 830 dei
855 769 1007 848 ereatura,
1040 767 1095 831 sed
1118 767 1167 832 dei
1189 766 1339 850 probatur

201 889 269 934 esse
293 869 478 935 substantia.
525 887 587 935 uon
611 870 767 951 scruteris,
795 871 927 952 qualiter
950 870 1025 935 dens
1049 871 1100 951 sit,
1128 889 1222 954 quom
1246 872 1339 937 deum

202 993 270 1039 esse
301 975 504 1039 manifestum
534 977 591 1039 est.
636 974 788 1040 hieratio
811 975 897 1056 latet,
927 975 1044 1040 ueritas
1067 993 1130 1041 non
1152 976 1238 1041 latet.
1285 995 1339 1042 our

201 1079 383 1164 interroges,
414 1079 568 1161 quomodo
598 1079 639 1143 sit
669 1080 769 1144 socius
800 1083 832 1144 et
862 1080 999 1162 aequalis
1022 1081 1115 1165 regis,
1145 1099 1239 1163 quem
1261 1083 1339 1166 rogii
1378 1111 1391 1151 a

202 1201 271 1248 esse
301 1187 423 1248 oonstat
454 1187 485 1248 et
514 1183 641 1248 honoris
672 1187 704 1248 et
732 1185 864 1268 generis.
911 1204 947 1249 ex
974 1185 1129 1268 superfluo
1152 1186 1190 1251 de
1213 1187 1338 1253 nomine

201 1287 305 1371 agitur
334 1287 505 1370 inquisitio,
536 1287 589 1352 nbi
619 1307 681 1354 non
710 1293 758 1353 est
781 1289 818 1353 de
842 1288 1035 1354 subhmitate
1058 1289 1219 1356 dubitatio.
1266 1310 1338 1376 ergo

201 1392 275 1474 quia
309 1392 436 1476 spiritns
471 1395 598 1456 sanetus
633 1412 669 1457 ex
703 1397 833 1475 utroque
867 1394 1020 1477 procedit,
1054 1393 1121 1458 ideo
1156 1395 1244 1459 dielt:
1279 1396 1340 1477 qni

201 1500 325 1560 autom
356 1497 533 1580 spiritum
564 1497 702 1561 domini
734 1516 803 1561 nou
831 1498 959 1580 hahet,
989 1498 1048 1562 hio
1071 1516 1142 1564 nou
1166 1503 1222 1564 est
1245 1501 1339 1580 eiua,

202 1605 235 1664 et
273 1600 332 1665 alio
368 1601 452 1666 loeo:
491 1601 709 1665 insufflanit
747 1607 783 1666 et
820 1601 928 1667 dixit:
967 1603 1127 1686 aooipite
1165 1603 1339 1687 spiritum
1366 1633 1391 1672 ιο

202 1709 382 1770 sanetum,
917 1732 919 1738 ·

245 1809 359 1875 Utrum
381 1811 540 1895 ingenitus
563 1829 603 1875 an
626 1811 751 1896 genitus
775 1813 827 1893 sit,
849 1812 990 1895 requiris.
1036 1813 1113 1877 nihil
1136 1831 1172 1876 ex
1194 1813 1253 1877 hoo
1276 1814 1340 1878 elo·

201 1914 276 1998 quia
290 1933 378 1979 saera
393 1915 583 1997 coaluerunt,
606 1916 694 1980 nefas
711 1921 759 1981 est
773 1918 950 2000 inrumpere
966 1917 1073 1981 diuina
1088 1917 1222 1982 silentia.
1258 1918 1339 2000 quod
1434 1930 1438 1944 ·

203 2019 289 2084 deus·
309 2021 470 2104 seripturis
493 2021 558 2085 suis
580 2021 781 2086 indicandum
804 2039 872 2087 esse
896 2040 957 2087 non
980 2021 1118 2103 credidit,
1148 2022 1339 2106 interrogare

202 2127 233 2189 te
262 2125 314 2189 uel
344 2125 422 2190 soire
448 2125 605 2210 superflua
626 2127 805 2192 curiositate
827 2127 936 2192 uoluit.
982 2127 1134 2209 numquid
1156 2129 1187 2191 in
1210 2127 1269 2192 hoo
1291 2131 1341 2192 est
1366 2155 1392 2195 ιε

202 2229 302 2314 gloria
323 2230 376 2294 uel
398 2229 574 2295 substantia
596 2231 723 2314 spiritus
747 2232 857 2312 saneti,
886 2232 912 2295 si
935 2233 990 2296 ant
1012 2232 1168 2316 ingenitus
1191 2231 1339 2315 probetur

203 2339 258 2399 aut
279 2335 426 2418 genitus?
463 2351 538 2398 nam
561 2353 618 2400 neo
640 2335 704 2400 filio
727 2336 894 2418 quiequam
917 2335 1054 2420 derogat,
1077 2335 1159 2418 qnod
1181 2336 1339 2420 ingenitus

201 2457 269 2503 esse
299 2456 361 2504 non
391 2439 514 2524 legitur,
545 2459 603 2504 neo
632 2442 723 2524 patri,
754 2442 836 2523 quod
866 2441 992 2525 genitus
1022 2458 1085 2506 uon
1114 2439 1256 2505 hahetur.
1306 2442 1339 2505 iu

200 2543 417 2610 huiuscemodi
448 2544 644 2609 sermonibus
673 2545 846 2628 proprietas
877 2548 925 2609 est
948 2545 1175 2629 appellationis,
1207 2563 1269 2610 non
1292 2545 1339 2609 di-

201 2649 334 2714 uersitas
356 2649 521 2733 potestatis
541 2649 592 2714 uel
608 2649 792 2714 maiestatis
828 2650 952 2734 genitus
969 2654 1000 2714 et
1014 2650 1173 2734 ingenitus
1188 2667 1339 2733 personae
1366 2675 1392 2730 sp

202 2756 251 2818 est
273 2751 456 2834 differentia,
479 2772 541 2819 non
564 2738 703 2818 naturae.

244 2857 292 2922 De
323 2858 433 2942 spiritu
464 2877 538 2923 uero
568 2863 675 2924 saneto
706 2859 849 2925 dominus
881 2863 912 2924 et
941 2860 1080 2924 saluator
1106 2863 1212 2924 noster
1239 2859 1339 2924 iturus

203 2961 240 3026 ud
271 2963 395 3028 eaelum
426 2963 471 3027 sio
500 2964 622 3028 loeutus
653 2969 702 3028 est
731 2965 770 3029 ad
800 2965 956 3049 apostolos
987 2982 1074 3029 suos:
1105 2981 1200 3044 oum,
1230 2964 1339 3046 iuquit,

203 3068 349 3132 uenerit
370 3068 599 3150 paraeletus,
626 3087 732 3152 quem
756 3087 822 3152 ego
844 3069 991 3134 mittam
1015 3067 1137 3149 uobis,
1165 3068 1340 3152 spiritum

202 3171 393 3252 ueritatis,
423 3172 486 3254 qui
508 3191 527 3236 a
549 3177 654 3256 patre
677 3173 859 3256 procedit,
889 3173 954 3238 ille
978 3172 1238 3238 testimonium
1260 3191 1340 3255 per·
1367 3197 1392 3238 rs

202 3275 406 3341 hibebitde
422 3296 491 3357 me,
516 3277 690 3342 etiterum:
714 3278 794 3359 ille,
816 3277 927 3361 inquit,
951 3275 1098 3342 dooebit
1118 3295 1183 3342 uos
1206 3277 1337 3342 omnia.

203 3381 275 3464 quid
299 3385 347 3446 est
368 3381 436 3461 hoo,
460 3381 663 3463 dilectissimi,
687 3383 769 3465 quod
789 3383 959 3448 missurum
976 3401 1009 3446 se
1025 3381 1064 3446 ed
1079 3381 1232 3446 doeendus
1249 3381 1341 3446 disei-

202 3486 292 3569 pulos
316 3485 452 3553 saluator
475 3487 551 3550 dixit
573 3487 718 3569 spiritum
741 3490 907 3552 sanetum?
942 3487 1094 3569 numquid
1116 3503 1179 3550 non
1194 3487 1341 3551 doouerat

203 3591 358 3673 apostolos
374 3609 447 3655 suos
463 3595 518 3656 aut
534 3591 705 3675 semiplena
720 3591 859 3676 putanda
875 3596 923 3656 est
939 3591 1053 3658 Christi
1068 3591 1164 3656 fuisse
1180 3591 1340 3657 doctriua?

203 3711 276 3776 uon,
307 3693 425 3778 absque
455 3695 557 3760 dubio.
604 3697 658 3760 sed
687 3696 760 3778 quia
789 3695 865 3761 fides
887 3699 995 3761 uestra
1017 3697 1049 3760 in
1071 3699 1159 3779 patre
1184 3699 1232 3760 est
1255 3698 1285 3759 ot
1307 3695 1340 3759 in
1367 3721 1394 3762 so

306 3859 335 3928 8]
345 3858 421 3914 Rom.
432 3862 456 3924 8,
466 3862 490 3916 9.
533 3859 775 3930 1o]10ann.2o‚aa.
815 3860 1060 3930 23]Ioann.15,26.
1097 3859 1141 3932 26]
1151 3859 1339 3926 Ioanu.14‚26.

246 4005 361 4063 adeum
379 4025 429 4064 om.
448 4007 476 4064 R
533 4007 603 4062 asir
620 4025 671 4064 om.
689 4007 718 4064 R
772 4007 810 4078 et]
828 4009 842 4062 l
859 4012 903 4072 (=
923 4007 978 4076 uel)
994 4008 1023 4065 R
1075 4010 1142 4064 det
1164 4007 1295 4078 superfluo
1312 4010 1341 4066 R

202 4095 279 4166 801]
299 4093 331 4148 de
349 4095 377 4152 R
446 4094 544 4149 dieitur
561 4094 589 4151 R
658 4094 807 4165 9domini]
827 4094 927 4150 Christi
945 4097 973 4151 R
1039 4095 1195 4164 regenitus
1214 4097 1340 4166 aniugo·

204 4181 277 4235 nitus
297 4182 326 4238 R
392 4183 425 4238 13
446 4181 593 4250 irrumpere
612 4182 639 4238 R
704 4185 737 4238 14
756 4181 833 4252 deus]
852 4183 880 4236 in
898 4183 962 4238 odd.
981 4183 1008 4237 R
1080 4185 1112 4238 15
1130 4187 1156 4236 te
1175 4189 1237 4239 anu
1255 4183 1341 4238 noluit

203 4269 279 4324 teon
296 4269 324 4324 R
388 4267 611 4337 numquid—lio.
620 4273 654 4326 21
674 4269 796 4338 naturae]
815 4270 1341 4340 ef.Faust.deopir.o.p.116,19—25

206 4357 236 4410 17
250 4355 309 4426 neo]
329 4356 394 4412 etR
447 4355 600 4426 quiequam]
619 4355 825 4426 dorpruaesst
877 4355 1230 4414 mammaemammal
1281 4375 1340 4427 per·

205 4457 268 4496 sona
285 4447 326 4496 est
343 4441 507 4497 differentiae
525 4443 553 4500 R
604 4445 638 4498 24
656 4442 808 4513 paraclytus
825 4443 853 4500 R
906 4447 939 4500 30
957 4443 985 4498 in
1004 4450 1066 4500 aaa
1084 4443 1139 4498 lilio
1157 4463 1208 4502 om.
1227 4445 1254 4501 R
