<?xml version="1.0" encoding="UTF-8"?>
<!DOCTYPE html PUBLIC "-//W3C//DTD XHTML 1.0 Transitional//EN"
    "http://www.w3.org/TR/xhtml1/DTD/xhtml1-transitional.dtd">
<html xmlns="http://www.w3.org/1999/xhtml" xml:lang="en" lang="en">
 <head>
  <title>
</title>
<meta http-equiv="Content-Type" content="text/html;charset=utf-8" />
  <meta name='ocr-system' content='tesseract 3.04.00' />
  <meta name='ocr-capabilities' content='ocr_page ocr_carea ocr_par ocr_line ocrx_word'/>
</head>
<body>
  <div class='ocr_page' id='page_1' title='image "./praetersermones01fausgoog/praetersermones01fausgoog_0478.png"; bbox 0 0 3268 5142; ppageno 0'>
   <div class='ocr_carea' id='block_1_1' title="bbox 551 459 1352 528">
    <p class='ocr_par' dir='ltr' id='par_1_1' title="bbox 551 459 1352 528">
     <span class='ocr_line' id='line_1_1' title="bbox 551 459 1352 528; baseline 0.015 -16"><span class='ocrx_word' id='word_1_1' title='bbox 551 459 776 528; x_wconf 80' lang='lat' dir='ltr'><strong>Epistularum</strong></span> <span class='ocrx_word' id='word_1_2' title='bbox 796 459 849 514; x_wconf 90' lang='lat' dir='ltr'><strong>lib.</strong></span> <span class='ocrx_word' id='word_1_3' title='bbox 864 460 892 514; x_wconf 93' lang='grc' dir='ltr'><strong>ΙΙ</strong></span> <span class='ocrx_word' id='word_1_4' title='bbox 913 462 1022 516; x_wconf 83' lang='grc'><strong>12-13.</strong></span> <span class='ocrx_word' id='word_1_5' title='bbox 1293 462 1352 526; x_wconf 79' lang='grc'><strong>391</strong></span> 
     </span>
    </p>
   </div>
   <div class='ocr_carea' id='block_1_2' title="bbox 215 633 1410 3522">
    <p class='ocr_par' dir='ltr' id='par_1_2' title="bbox 215 633 1410 3522">
     <span class='ocr_line' id='line_1_2' title="bbox 215 633 1356 716; baseline 0.002 -20"><span class='ocrx_word' id='word_1_6' title='bbox 215 633 302 696; x_wconf 92' lang='lat' dir='ltr'><strong>debis</strong></span> <span class='ocrx_word' id='word_1_7' title='bbox 326 633 480 716; x_wconf 89' lang='lat' dir='ltr'><strong>deinceps,</strong></span> <span class='ocrx_word' id='word_1_8' title='bbox 511 652 572 698; x_wconf 92' lang='lat' dir='ltr'><strong>non</strong></span> <span class='ocrx_word' id='word_1_9' title='bbox 596 633 730 714; x_wconf 88' lang='lat' dir='ltr'><strong>timebis,</strong></span> <span class='ocrx_word' id='word_1_10' title='bbox 762 633 945 716; x_wconf 89' lang='lat' dir='ltr'><strong>dequibus,</strong></span> <span class='ocrx_word' id='word_1_11' title='bbox 976 637 1012 698; x_wconf 89' lang='lat' dir='ltr'><strong>ut</strong></span> <span class='ocrx_word' id='word_1_12' title='bbox 1037 651 1149 716; x_wconf 87' lang='lat' dir='ltr'><strong>parum</strong></span> <span class='ocrx_word' id='word_1_13' title='bbox 1172 635 1356 715; x_wconf 85' lang='lat' dir='ltr'><strong>formidinis,</strong></span> 
     </span>
     <span class='ocr_line' id='line_1_3' title="bbox 215 737 1357 820; baseline 0.002 -20"><span class='ocrx_word' id='word_1_14' title='bbox 215 737 260 800; x_wconf 90' lang='lat' dir='ltr'><strong>ita</strong></span> <span class='ocrx_word' id='word_1_15' title='bbox 283 737 418 800; x_wconf 88' lang='lat' dir='ltr'><strong>multum</strong></span> <span class='ocrx_word' id='word_1_16' title='bbox 441 738 547 819; x_wconf 85' lang='lat' dir='ltr'><strong>gaudii</strong></span> <span class='ocrx_word' id='word_1_17' title='bbox 570 737 684 802; x_wconf 87' lang='lat' dir='ltr'><strong>habere</strong></span> <span class='ocrx_word' id='word_1_18' title='bbox 706 739 769 800; x_wconf 90' lang='lat' dir='ltr'><strong>iam</strong></span> <span class='ocrx_word' id='word_1_19' title='bbox 792 737 918 820; x_wconf 90' lang='lat' dir='ltr'><strong>poteris,</strong></span> <span class='ocrx_word' id='word_1_20' title='bbox 946 738 1027 819; x_wconf 93' lang='lat' dir='ltr'><strong>quod</strong></span> <span class='ocrx_word' id='word_1_21' title='bbox 1050 755 1102 801; x_wconf 89' lang='lat' dir='ltr'><strong>eos</strong></span> <span class='ocrx_word' id='word_1_22' title='bbox 1125 738 1174 801; x_wconf 91' lang='lat' dir='ltr'><strong>uel</strong></span> <span class='ocrx_word' id='word_1_23' title='bbox 1198 741 1280 802; x_wconf 89' lang='lat' dir='ltr'><strong>retro</strong></span> <span class='ocrx_word' id='word_1_24' title='bbox 1304 738 1357 802; x_wconf 91' lang='lat' dir='ltr'><strong>de-</strong></span> 
     </span>
     <span class='ocr_line' id='line_1_4' title="bbox 216 841 1358 924; baseline 0.002 -20"><span class='ocrx_word' id='word_1_25' title='bbox 216 842 339 904; x_wconf 87' lang='lat' dir='ltr'><strong>relictos</strong></span> <span class='ocrx_word' id='word_1_26' title='bbox 369 841 499 924; x_wconf 82' lang='lat' dir='ltr'><strong>respicis</strong></span> <span class='ocrx_word' id='word_1_27' title='bbox 531 843 580 904; x_wconf 90' lang='lat' dir='ltr'><strong>uel</strong></span> <span class='ocrx_word' id='word_1_28' title='bbox 610 842 642 904; x_wconf 90' lang='lat' dir='ltr'><strong>in</strong></span> <span class='ocrx_word' id='word_1_29' title='bbox 666 841 786 907; x_wconf 76' lang='lat' dir='ltr'><strong>celsiori</strong></span> <span class='ocrx_word' id='word_1_30' title='bbox 810 842 936 924; x_wconf 88' lang='lat' dir='ltr'><strong>specula</strong></span> <span class='ocrx_word' id='word_1_31' title='bbox 958 842 1148 907; x_wconf 88' lang='lat' dir='ltr'><strong>constitutus</strong></span> <span class='ocrx_word' id='word_1_32' title='bbox 1172 841 1303 924; x_wconf 79' lang='lat' dir='ltr'><strong>despicis</strong></span> <span class='ocrx_word' id='word_1_33' title='bbox 1327 845 1358 906; x_wconf 90' lang='lat' dir='ltr'><strong>et</strong></span> 
     </span>
     <span class='ocr_line' id='line_1_5' title="bbox 216 945 1358 1028; baseline 0.001 -20"><span class='ocrx_word' id='word_1_34' title='bbox 216 947 247 1008; x_wconf 90' lang='lat' dir='ltr'><strong>te</strong></span> <span class='ocrx_word' id='word_1_35' title='bbox 271 945 407 1008; x_wconf 89' lang='lat' dir='ltr'><strong>euasisse</strong></span> <span class='ocrx_word' id='word_1_36' title='bbox 431 945 564 1008; x_wconf 89' lang='lat' dir='ltr'><strong>miraris.</strong></span> <span class='ocrx_word' id='word_1_37' title='bbox 612 951 764 1028; x_wconf 90' lang='lat' dir='ltr'><strong>superest,</strong></span> <span class='ocrx_word' id='word_1_38' title='bbox 788 965 808 1008; x_wconf 89' lang='lat' dir='ltr'><strong>u</strong></span> <span class='ocrx_word' id='word_1_39' title='bbox 846 946 934 1010; x_wconf 87' lang='lat' dir='ltr'><strong>clauo</strong></span> <span class='ocrx_word' id='word_1_40' title='bbox 958 963 1085 1010; x_wconf 91' lang='lat' dir='ltr'><strong>manum</strong></span> <span class='ocrx_word' id='word_1_41' title='bbox 1109 946 1249 1009; x_wconf 88' lang='lat' dir='ltr'><strong>inserens</strong></span> <span class='ocrx_word' id='word_1_42' title='bbox 1273 949 1358 1010; x_wconf 88' lang='lat' dir='ltr'><strong>astra</strong></span> 
     </span>
     <span class='ocr_line' id='line_1_6' title="bbox 215 1049 1409 1132; baseline 0.003 -20"><span class='ocrx_word' id='word_1_43' title='bbox 215 1067 339 1130; x_wconf 88' lang='lat' dir='ltr'><strong>semper</strong></span> <span class='ocrx_word' id='word_1_44' title='bbox 362 1049 501 1113; x_wconf 90' lang='lat' dir='ltr'><strong>intentus</strong></span> <span class='ocrx_word' id='word_1_45' title='bbox 524 1049 657 1131; x_wconf 82' lang='lat' dir='ltr'><strong>aspicias</strong></span> <span class='ocrx_word' id='word_1_46' title='bbox 682 1053 712 1114; x_wconf 88' lang='lat' dir='ltr'><strong>et</strong></span> <span class='ocrx_word' id='word_1_47' title='bbox 735 1050 780 1113; x_wconf 88' lang='lat' dir='ltr'><strong>ita</strong></span> <span class='ocrx_word' id='word_1_48' title='bbox 802 1053 928 1131; x_wconf 89' lang='lat' dir='ltr'><strong>coeptae</strong></span> <span class='ocrx_word' id='word_1_49' title='bbox 951 1049 1142 1132; x_wconf 86' lang='lat' dir='ltr'><strong>nauigationi</strong></span> <span class='ocrx_word' id='word_1_50' title='bbox 1157 1050 1263 1114; x_wconf 89' lang='lat' dir='ltr'><strong>uelum</strong></span> <span class='ocrx_word' id='word_1_51' title='bbox 1279 1067 1357 1131; x_wconf 89' lang='lat' dir='ltr'><strong>pan-</strong></span> <span class='ocrx_word' id='word_1_52' title='bbox 1396 1077 1409 1116; x_wconf 79' lang='lat' dir='ltr'><strong>s</strong></span> 
     </span>
     <span class='ocr_line' id='line_1_7' title="bbox 217 1152 1358 1232; baseline 0.002 -16"><span class='ocrx_word' id='word_1_53' title='bbox 217 1153 283 1232; x_wconf 89' lang='lat' dir='ltr'><strong>das,</strong></span> <span class='ocrx_word' id='word_1_54' title='bbox 307 1173 346 1216; x_wconf 89' lang='lat' dir='ltr'><strong>ne</strong></span> <span class='ocrx_word' id='word_1_55' title='bbox 369 1157 400 1216; x_wconf 90' lang='lat' dir='ltr'><strong>te</strong></span> <span class='ocrx_word' id='word_1_56' title='bbox 424 1156 479 1217; x_wconf 89' lang='lat' dir='ltr'><strong>aut</strong></span> <span class='ocrx_word' id='word_1_57' title='bbox 501 1153 534 1216; x_wconf 91' lang='lat' dir='ltr'><strong>in</strong></span> <span class='ocrx_word' id='word_1_58' title='bbox 558 1153 657 1216; x_wconf 90' lang='lat' dir='ltr'><strong>altum</strong></span> <span class='ocrx_word' id='word_1_59' title='bbox 681 1153 897 1219; x_wconf 88' lang='lat' dir='ltr'><strong>uehementior</strong></span> <span class='ocrx_word' id='word_1_60' title='bbox 919 1152 1013 1218; x_wconf 87' lang='lat' dir='ltr'><strong>datus</strong></span> <span class='ocrx_word' id='word_1_61' title='bbox 1038 1153 1174 1218; x_wconf 81' lang='lat' dir='ltr'><strong>excutiat</strong></span> <span class='ocrx_word' id='word_1_62' title='bbox 1194 1157 1248 1218; x_wconf 89' lang='lat' dir='ltr'><strong>aut</strong></span> <span class='ocrx_word' id='word_1_63' title='bbox 1263 1154 1295 1218; x_wconf 92' lang='lat' dir='ltr'><strong>in</strong></span> <span class='ocrx_word' id='word_1_64' title='bbox 1311 1156 1358 1218; x_wconf 90' lang='lat' dir='ltr'><strong>ui-</strong></span> 
     </span>
     <span class='ocr_line' id='line_1_8' title="bbox 216 1256 1357 1338; baseline 0.002 -18"><span class='ocrx_word' id='word_1_65' title='bbox 216 1258 286 1320; x_wconf 90' lang='lat' dir='ltr'><strong>cina</strong></span> <span class='ocrx_word' id='word_1_66' title='bbox 317 1256 461 1321; x_wconf 90' lang='lat' dir='ltr'><strong>litoribus</strong></span> <span class='ocrx_word' id='word_1_67' title='bbox 496 1275 571 1322; x_wconf 84' lang='lat' dir='ltr'><strong>sara</strong></span> <span class='ocrx_word' id='word_1_68' title='bbox 601 1258 747 1322; x_wconf 88' lang='lat' dir='ltr'><strong>conlidat.</strong></span> <span class='ocrx_word' id='word_1_69' title='bbox 794 1276 894 1338; x_wconf 88' lang='lat' dir='ltr'><strong>neque</strong></span> <span class='ocrx_word' id='word_1_70' title='bbox 926 1258 1021 1322; x_wconf 87' lang='lat' dir='ltr'><strong>etiarn</strong></span> <span class='ocrx_word' id='word_1_71' title='bbox 1051 1258 1138 1322; x_wconf 83' lang='lat' dir='ltr'><strong>iuxta</strong></span> <span class='ocrx_word' id='word_1_72' title='bbox 1168 1259 1357 1322; x_wconf 89' lang='lat' dir='ltr'><strong>sententiam</strong></span> 
     </span>
     <span class='ocr_line' id='line_1_9' title="bbox 215 1361 1357 1428; baseline 0.002 -4"><span class='ocrx_word' id='word_1_73' title='bbox 215 1361 333 1426; x_wconf 90' lang='lat' dir='ltr'><strong>domini</strong></span> <span class='ocrx_word' id='word_1_74' title='bbox 373 1361 535 1426; x_wconf 90' lang='lat' dir='ltr'><strong>saluatoris</strong></span> <span class='ocrx_word' id='word_1_75' title='bbox 570 1362 633 1426; x_wconf 87' lang='lat' dir='ltr'><strong>iam</strong></span> <span class='ocrx_word' id='word_1_76' title='bbox 667 1362 783 1426; x_wconf 86' lang='lat' dir='ltr'><strong>stiuam</strong></span> <span class='ocrx_word' id='word_1_77' title='bbox 818 1365 929 1426; x_wconf 88' lang='lat' dir='ltr'><strong>tenens</strong></span> <span class='ocrx_word' id='word_1_78' title='bbox 963 1365 1134 1426; x_wconf 71' lang='lat' dir='ltr'><strong>retrorsum</strong></span> <span class='ocrx_word' id='word_1_79' title='bbox 1169 1363 1357 1428; x_wconf 90' lang='lat' dir='ltr'><strong>clamoribus</strong></span> 
     </span>
     <span class='ocr_line' id='line_1_10' title="bbox 217 1463 1357 1547; baseline 0.002 -19"><span class='ocrx_word' id='word_1_80' title='bbox 217 1463 368 1528; x_wconf 81' lang='lat' dir='ltr'><strong>Sodomae</strong></span> <span class='ocrx_word' id='word_1_81' title='bbox 403 1464 599 1529; x_wconf 78' lang='lat' dir='ltr'><strong>conlabentis</strong></span> <span class='ocrx_word' id='word_1_82' title='bbox 632 1467 767 1547; x_wconf 88' lang='lat' dir='ltr'><strong>percitus</strong></span> <span class='ocrx_word' id='word_1_83' title='bbox 801 1466 881 1529; x_wconf 88' lang='lat' dir='ltr'><strong>forte</strong></span> <span class='ocrx_word' id='word_1_84' title='bbox 914 1466 1082 1546; x_wconf 88' lang='lat' dir='ltr'><strong>respiciens</strong></span> <span class='ocrx_word' id='word_1_85' title='bbox 1112 1465 1193 1530; x_wconf 86' lang='lat' dir='ltr'><strong>Loth</strong></span> <span class='ocrx_word' id='word_1_86' title='bbox 1227 1465 1357 1530; x_wconf 78' lang='lat' dir='ltr'><strong>imiteris</strong></span> 
     </span>
     <span class='ocr_line' id='line_1_11' title="bbox 216 1569 1410 1652; baseline 0.002 -20"><span class='ocrx_word' id='word_1_87' title='bbox 216 1587 342 1632; x_wconf 82' lang='lat' dir='ltr'><strong>uxorem</strong></span> <span class='ocrx_word' id='word_1_88' title='bbox 374 1571 427 1632; x_wconf 91' lang='lat' dir='ltr'><strong>aut</strong></span> <span class='ocrx_word' id='word_1_89' title='bbox 458 1569 495 1633; x_wconf 91' lang='lat' dir='ltr'><strong>de</strong></span> <span class='ocrx_word' id='word_1_90' title='bbox 518 1569 662 1652; x_wconf 79' lang='lat' dir='ltr'><strong>Aegypto</strong></span> <span class='ocrx_word' id='word_1_91' title='bbox 691 1569 753 1634; x_wconf 87' lang='lat' dir='ltr'><strong>iam</strong></span> <span class='ocrx_word' id='word_1_92' title='bbox 782 1570 939 1652; x_wconf 88' lang='lat' dir='ltr'><strong>proiectus</strong></span> <span class='ocrx_word' id='word_1_93' title='bbox 964 1573 993 1633; x_wconf 92' lang='lat' dir='ltr'><strong>et</strong></span> <span class='ocrx_word' id='word_1_94' title='bbox 1016 1569 1129 1633; x_wconf 87' lang='lat' dir='ltr'><strong>fluctus</strong></span> <span class='ocrx_word' id='word_1_95' title='bbox 1152 1569 1238 1634; x_wconf 89' lang='lat' dir='ltr'><strong>rubri</strong></span> <span class='ocrx_word' id='word_1_96' title='bbox 1262 1570 1357 1634; x_wconf 89' lang='lat' dir='ltr'><strong>maris</strong></span> <span class='ocrx_word' id='word_1_97' title='bbox 1385 1597 1410 1634; x_wconf 77' lang='grc' dir='ltr'><strong>ιο</strong></span> 
     </span>
     <span class='ocr_line' id='line_1_12' title="bbox 216 1673 1358 1755; baseline 0.001 -19"><span class='ocrx_word' id='word_1_98' title='bbox 216 1673 324 1736; x_wconf 80' lang='lat' dir='ltr'><strong>dextra</strong></span> <span class='ocrx_word' id='word_1_99' title='bbox 352 1673 504 1754; x_wconf 87' lang='lat' dir='ltr'><strong>laeuaque</strong></span> <span class='ocrx_word' id='word_1_100' title='bbox 535 1673 708 1755; x_wconf 75' lang='lat' dir='ltr'><strong>pendentes</strong></span> <span class='ocrx_word' id='word_1_101' title='bbox 740 1677 864 1738; x_wconf 89' lang='lat' dir='ltr'><strong>tanturn</strong></span> <span class='ocrx_word' id='word_1_102' title='bbox 895 1673 952 1736; x_wconf 90' lang='lat' dir='ltr'><strong>tibi</strong></span> <span class='ocrx_word' id='word_1_103' title='bbox 982 1673 1118 1737; x_wconf 86' lang='lat' dir='ltr'><strong>ferentes</strong></span> <span class='ocrx_word' id='word_1_104' title='bbox 1149 1673 1298 1736; x_wconf 82' lang='lat' dir='ltr'><strong>auxilium</strong></span> <span class='ocrx_word' id='word_1_105' title='bbox 1327 1677 1358 1737; x_wconf 89' lang='lat' dir='ltr'><strong>et</strong></span> 
     </span>
     <span class='ocr_line' id='line_1_13' title="bbox 215 1776 1358 1859; baseline 0.001 -20"><span class='ocrx_word' id='word_1_106' title='bbox 215 1776 475 1858; x_wconf 88' lang='lat' dir='ltr'><strong>persequentibus</strong></span> <span class='ocrx_word' id='word_1_107' title='bbox 498 1781 529 1840; x_wconf 90' lang='lat' dir='ltr'><strong>te</strong></span> <span class='ocrx_word' id='word_1_108' title='bbox 549 1781 696 1859; x_wconf 87' lang='lat' dir='ltr'><strong>parantes</strong></span> <span class='ocrx_word' id='word_1_109' title='bbox 720 1777 846 1841; x_wconf 80' lang='lat' dir='ltr'><strong>exitium</strong></span> <span class='ocrx_word' id='word_1_110' title='bbox 871 1777 996 1840; x_wconf 92' lang='lat' dir='ltr'><strong>domino</strong></span> <span class='ocrx_word' id='word_1_111' title='bbox 1019 1777 1103 1840; x_wconf 89' lang='lat' dir='ltr'><strong>uiam</strong></span> <span class='ocrx_word' id='word_1_112' title='bbox 1119 1781 1205 1840; x_wconf 87' lang='lat' dir='ltr'><strong>tuam</strong></span> <span class='ocrx_word' id='word_1_113' title='bbox 1222 1781 1254 1840; x_wconf 89' lang='lat' dir='ltr'><strong>et</strong></span> <span class='ocrx_word' id='word_1_114' title='bbox 1269 1795 1358 1859; x_wconf 91' lang='lat' dir='ltr'><strong>prae·</strong></span> 
     </span>
     <span class='ocr_line' id='line_1_14' title="bbox 215 1881 1358 1964; baseline 0 -20"><span class='ocrx_word' id='word_1_115' title='bbox 215 1885 346 1962; x_wconf 88' lang='lat' dir='ltr'><strong>parante</strong></span> <span class='ocrx_word' id='word_1_116' title='bbox 377 1885 408 1944; x_wconf 91' lang='lat' dir='ltr'><strong>et</strong></span> <span class='ocrx_word' id='word_1_117' title='bbox 431 1881 639 1945; x_wconf 82' lang='lat' dir='ltr'><strong>inluminante</strong></span> <span class='ocrx_word' id='word_1_118' title='bbox 663 1885 879 1964; x_wconf 81' lang='lat' dir='ltr'><strong>transgressus</strong></span> <span class='ocrx_word' id='word_1_119' title='bbox 903 1885 934 1946; x_wconf 90' lang='lat' dir='ltr'><strong>et</strong></span> <span class='ocrx_word' id='word_1_120' title='bbox 957 1882 1053 1944; x_wconf 88' lang='lat' dir='ltr'><strong>eremi</strong></span> <span class='ocrx_word' id='word_1_121' title='bbox 1076 1881 1207 1944; x_wconf 90' lang='lat' dir='ltr'><strong>arduum</strong></span> <span class='ocrx_word' id='word_1_122' title='bbox 1230 1881 1287 1944; x_wconf 91' lang='lat' dir='ltr'><strong>iter</strong></span> <span class='ocrx_word' id='word_1_123' title='bbox 1310 1898 1358 1944; x_wconf 88' lang='lat' dir='ltr'><strong>ar-</strong></span> 
     </span>
     <span class='ocr_line' id='line_1_15' title="bbox 216 1984 1357 2067; baseline 0.001 -20"><span class='ocrx_word' id='word_1_124' title='bbox 216 1985 332 2067; x_wconf 88' lang='lat' dir='ltr'><strong>ripiens</strong></span> <span class='ocrx_word' id='word_1_125' title='bbox 359 1985 437 2048; x_wconf 86' lang='lat' dir='ltr'><strong>ollas</strong></span> <span class='ocrx_word' id='word_1_126' title='bbox 466 1985 604 2048; x_wconf 89' lang='lat' dir='ltr'><strong>carnium</strong></span> <span class='ocrx_word' id='word_1_127' title='bbox 636 1986 805 2049; x_wconf 88' lang='lat' dir='ltr'><strong>recorderis</strong></span> <span class='ocrx_word' id='word_1_128' title='bbox 837 1989 891 2050; x_wconf 87' lang='lat' dir='ltr'><strong>aut</strong></span> <span class='ocrx_word' id='word_1_129' title='bbox 914 2003 1041 2067; x_wconf 88' lang='lat' dir='ltr'><strong>caepas,</strong></span> <span class='ocrx_word' id='word_1_130' title='bbox 1072 2003 1151 2066; x_wconf 88' lang='lat' dir='ltr'><strong>quae</strong></span> <span class='ocrx_word' id='word_1_131' title='bbox 1175 1985 1207 2048; x_wconf 91' lang='lat' dir='ltr'><strong>in</strong></span> <span class='ocrx_word' id='word_1_132' title='bbox 1230 1984 1357 2049; x_wconf 92' lang='lat' dir='ltr'><strong>modum</strong></span> 
     </span>
     <span class='ocr_line' id='line_1_16' title="bbox 216 2089 1410 2172; baseline 0 -20"><span class='ocrx_word' id='word_1_133' title='bbox 216 2089 420 2171; x_wconf 83' lang='lat' dir='ltr'><strong>corporalium</strong></span> <span class='ocrx_word' id='word_1_134' title='bbox 450 2089 647 2172; x_wconf 88' lang='lat' dir='ltr'><strong>uoluptatum</strong></span> <span class='ocrx_word' id='word_1_135' title='bbox 677 2089 745 2170; x_wconf 88' lang='lat' dir='ltr'><strong>ipsa</strong></span> <span class='ocrx_word' id='word_1_136' title='bbox 775 2089 822 2153; x_wconf 93' lang='lat' dir='ltr'><strong>sui</strong></span> <span class='ocrx_word' id='word_1_137' title='bbox 846 2090 995 2170; x_wconf 87' lang='lat' dir='ltr'><strong>qualitate</strong></span> <span class='ocrx_word' id='word_1_138' title='bbox 1018 2093 1164 2172; x_wconf 88' lang='lat' dir='ltr'><strong>corrupta</strong></span> <span class='ocrx_word' id='word_1_139' title='bbox 1186 2092 1358 2154; x_wconf 86' lang='lat' dir='ltr'><strong>noscuntur</strong></span> <span class='ocrx_word' id='word_1_140' title='bbox 1385 2111 1410 2152; x_wconf 79' lang='lat' dir='ltr'><strong>a</strong></span> 
     </span>
     <span class='ocr_line' id='line_1_17' title="bbox 217 2191 1356 2274; baseline 0 -18"><span class='ocrx_word' id='word_1_141' title='bbox 217 2195 248 2256; x_wconf 90' lang='lat' dir='ltr'><strong>et</strong></span> <span class='ocrx_word' id='word_1_142' title='bbox 268 2193 364 2256; x_wconf 86' lang='lat' dir='ltr'><strong>fetida</strong></span> <span class='ocrx_word' id='word_1_143' title='bbox 379 2211 436 2256; x_wconf 89' lang='lat' dir='ltr'><strong>nec</strong></span> <span class='ocrx_word' id='word_1_144' title='bbox 451 2210 512 2256; x_wconf 85' lang='lat' dir='ltr'><strong>usu</strong></span> <span class='ocrx_word' id='word_1_145' title='bbox 527 2197 617 2274; x_wconf 85' lang='lat' dir='ltr'><strong>grata</strong></span> <span class='ocrx_word' id='word_1_146' title='bbox 632 2211 689 2256; x_wconf 91' lang='lat' dir='ltr'><strong>nec</strong></span> <span class='ocrx_word' id='word_1_147' title='bbox 705 2193 797 2257; x_wconf 91' lang='lat' dir='ltr'><strong>odore</strong></span> <span class='ocrx_word' id='word_1_148' title='bbox 814 2193 924 2256; x_wconf 89' lang='lat' dir='ltr'><strong>suauia</strong></span> <span class='ocrx_word' id='word_1_149' title='bbox 939 2211 996 2256; x_wconf 89' lang='lat' dir='ltr'><strong>nec</strong></span> <span class='ocrx_word' id='word_1_150' title='bbox 1012 2191 1183 2258; x_wconf 81' lang='lat' dir='ltr'><strong>stabilitate</strong></span> <span class='ocrx_word' id='word_1_151' title='bbox 1200 2211 1356 2256; x_wconf 85' lang='lat' dir='ltr'><strong>mansura</strong></span> 
     </span>
     <span class='ocr_line' id='line_1_18' title="bbox 263 2296 1357 2378; baseline 0 -18"><span class='ocrx_word' id='word_1_152' title='bbox 263 2296 415 2378; x_wconf 83' lang='lat' dir='ltr'><strong>Quicquid</strong></span> <span class='ocrx_word' id='word_1_153' title='bbox 444 2298 476 2360; x_wconf 93' lang='lat' dir='ltr'><strong>in</strong></span> <span class='ocrx_word' id='word_1_154' title='bbox 507 2297 565 2360; x_wconf 88' lang='lat' dir='ltr'><strong>hoe</strong></span> <span class='ocrx_word' id='word_1_155' title='bbox 596 2297 720 2361; x_wconf 86' lang='lat' dir='ltr'><strong>saeculo</strong></span> <span class='ocrx_word' id='word_1_156' title='bbox 750 2298 868 2361; x_wconf 87' lang='lat' dir='ltr'><strong>mulcet</strong></span> <span class='ocrx_word' id='word_1_157' title='bbox 898 2297 1013 2375; x_wconf 86' lang='lat' dir='ltr'><strong>auditu,</strong></span> <span class='ocrx_word' id='word_1_158' title='bbox 1045 2297 1199 2360; x_wconf 89' lang='lat' dir='ltr'><strong>mollescit</strong></span> <span class='ocrx_word' id='word_1_159' title='bbox 1222 2297 1357 2376; x_wconf 87' lang='lat' dir='ltr'><strong>adtactu,</strong></span> 
     </span>
     <span class='ocr_line' id='line_1_19' title="bbox 216 2400 1357 2484; baseline 0.002 -20"><span class='ocrx_word' id='word_1_160' title='bbox 216 2400 408 2466; x_wconf 87' lang='lat' dir='ltr'><strong>lenocinatur</strong></span> <span class='ocrx_word' id='word_1_161' title='bbox 432 2404 569 2484; x_wconf 89' lang='lat' dir='ltr'><strong>aspectu,</strong></span> <span class='ocrx_word' id='word_1_162' title='bbox 594 2401 762 2478; x_wconf 89' lang='lat' dir='ltr'><strong>blanditur,</strong></span> <span class='ocrx_word' id='word_1_163' title='bbox 787 2405 823 2465; x_wconf 90' lang='lat' dir='ltr'><strong>ut</strong></span> <span class='ocrx_word' id='word_1_164' title='bbox 846 2401 956 2483; x_wconf 83' lang='lat' dir='ltr'><strong>rapiat,</strong></span> <span class='ocrx_word' id='word_1_165' title='bbox 981 2400 1161 2480; x_wconf 87' lang='lat' dir='ltr'><strong>famulatur,</strong></span> <span class='ocrx_word' id='word_1_166' title='bbox 1185 2403 1220 2463; x_wconf 91' lang='lat' dir='ltr'><strong>ut</strong></span> <span class='ocrx_word' id='word_1_167' title='bbox 1242 2403 1357 2480; x_wconf 88' lang='lat' dir='ltr'><strong>teneat,</strong></span> 
     </span>
     <span class='ocr_line' id='line_1_20' title="bbox 217 2503 1358 2586; baseline 0 -20"><span class='ocrx_word' id='word_1_168' title='bbox 217 2505 325 2584; x_wconf 89' lang='lat' dir='ltr'><strong>inlicit,</strong></span> <span class='ocrx_word' id='word_1_169' title='bbox 342 2508 377 2568; x_wconf 91' lang='lat' dir='ltr'><strong>ut</strong></span> <span class='ocrx_word' id='word_1_170' title='bbox 389 2505 517 2569; x_wconf 90' lang='lat' dir='ltr'><strong>occidat.</strong></span> <span class='ocrx_word' id='word_1_171' title='bbox 546 2523 620 2568; x_wconf 89' lang='lat' dir='ltr'><strong>nam</strong></span> <span class='ocrx_word' id='word_1_172' title='bbox 633 2523 863 2586; x_wconf 88' lang='lat' dir='ltr'><strong>quamcumque</strong></span> <span class='ocrx_word' id='word_1_173' title='bbox 876 2523 985 2586; x_wconf 88' lang='lat' dir='ltr'><strong>capere</strong></span> <span class='ocrx_word' id='word_1_174' title='bbox 1001 2503 1136 2568; x_wconf 87' lang='lat' dir='ltr'><strong>uolueris</strong></span> <span class='ocrx_word' id='word_1_175' title='bbox 1152 2503 1358 2586; x_wconf 88' lang='lat' dir='ltr'><strong>uoluptatem,</strong></span> 
     </span>
     <span class='ocr_line' id='line_1_21' title="bbox 217 2607 1410 2691; baseline 0.001 -20"><span class='ocrx_word' id='word_1_176' title='bbox 217 2612 389 2689; x_wconf 88' lang='lat' dir='ltr'><strong>permanet,</strong></span> <span class='ocrx_word' id='word_1_177' title='bbox 417 2609 499 2690; x_wconf 92' lang='lat' dir='ltr'><strong>quod</strong></span> <span class='ocrx_word' id='word_1_178' title='bbox 521 2609 640 2691; x_wconf 90' lang='lat' dir='ltr'><strong>puniat,</strong></span> <span class='ocrx_word' id='word_1_179' title='bbox 663 2609 821 2690; x_wconf 88' lang='lat' dir='ltr'><strong>praeterit,</strong></span> <span class='ocrx_word' id='word_1_180' title='bbox 846 2609 926 2690; x_wconf 90' lang='lat' dir='ltr'><strong>quod</strong></span> <span class='ocrx_word' id='word_1_181' title='bbox 949 2609 1092 2688; x_wconf 89' lang='lat' dir='ltr'><strong>delectat,</strong></span> <span class='ocrx_word' id='word_1_182' title='bbox 1123 2607 1253 2671; x_wconf 91' lang='lat' dir='ltr'><strong>dulcedo</strong></span> <span class='ocrx_word' id='word_1_183' title='bbox 1277 2607 1358 2690; x_wconf 86' lang='lat' dir='ltr'><strong>iugi-</strong></span> <span class='ocrx_word' id='word_1_184' title='bbox 1384 2632 1410 2672; x_wconf 80' lang='lat' dir='ltr'><strong>ro</strong></span> 
     </span>
     <span class='ocr_line' id='line_1_22' title="bbox 217 2710 1355 2794; baseline 0 -20"><span class='ocrx_word' id='word_1_185' title='bbox 217 2712 283 2776; x_wconf 89' lang='lat' dir='ltr'><strong>tina</strong></span> <span class='ocrx_word' id='word_1_186' title='bbox 304 2715 485 2794; x_wconf 87' lang='lat' dir='ltr'><strong>pertransit,</strong></span> <span class='ocrx_word' id='word_1_187' title='bbox 509 2713 698 2776; x_wconf 88' lang='lat' dir='ltr'><strong>conscientia</strong></span> <span class='ocrx_word' id='word_1_188' title='bbox 721 2713 908 2776; x_wconf 86' lang='lat' dir='ltr'><strong>damnatura</strong></span> <span class='ocrx_word' id='word_1_189' title='bbox 930 2713 980 2776; x_wconf 89' lang='lat' dir='ltr'><strong>uel</strong></span> <span class='ocrx_word' id='word_1_190' title='bbox 1004 2711 1181 2776; x_wconf 89' lang='lat' dir='ltr'><strong>damnanda</strong></span> <span class='ocrx_word' id='word_1_191' title='bbox 1204 2710 1355 2776; x_wconf 88' lang='lat' dir='ltr'><strong>subsistit.</strong></span> 
     </span>
     <span class='ocr_line' id='line_1_23' title="bbox 217 2815 1357 2900; baseline -0.001 -21"><span class='ocrx_word' id='word_1_192' title='bbox 217 2815 288 2880; x_wconf 89' lang='lat' dir='ltr'><strong>inde</strong></span> <span class='ocrx_word' id='word_1_193' title='bbox 312 2817 407 2880; x_wconf 90' lang='lat' dir='ltr'><strong>etiarn</strong></span> <span class='ocrx_word' id='word_1_194' title='bbox 435 2816 510 2880; x_wconf 90' lang='lat' dir='ltr'><strong>dicit</strong></span> <span class='ocrx_word' id='word_1_195' title='bbox 533 2815 693 2882; x_wconf 85' lang='lat' dir='ltr'><strong>Salomon:</strong></span> <span class='ocrx_word' id='word_1_196' title='bbox 724 2817 852 2900; x_wconf 85' lang='lat' dir='ltr'><strong>lingua</strong></span> <span class='ocrx_word' id='word_1_197' title='bbox 883 2815 1092 2880; x_wconf 88' lang='lat' dir='ltr'><strong>meretricis</strong></span> <span class='ocrx_word' id='word_1_198' title='bbox 1121 2815 1192 2879; x_wconf 89' lang='lat' dir='ltr'><strong>mel</strong></span> <span class='ocrx_word' id='word_1_199' title='bbox 1219 2815 1357 2895; x_wconf 88' lang='lat' dir='ltr'><strong>stillat,</strong></span> 
     </span>
     <span class='ocr_line' id='line_1_24' title="bbox 218 2919 1357 2984; baseline -0.002 0"><span class='ocrx_word' id='word_1_200' title='bbox 218 2920 253 2984; x_wconf 93' lang='lat' dir='ltr'><strong>in</strong></span> <span class='ocrx_word' id='word_1_201' title='bbox 277 2921 495 2984; x_wconf 90' lang='lat' dir='ltr'><strong>nouissimis</strong></span> <span class='ocrx_word' id='word_1_202' title='bbox 518 2925 641 2984; x_wconf 89' lang='lat' dir='ltr'><strong>autem</strong></span> <span class='ocrx_word' id='word_1_203' title='bbox 665 2919 795 2984; x_wconf 88' lang='lat' dir='ltr'><strong>diebus</strong></span> <span class='ocrx_word' id='word_1_204' title='bbox 820 2921 1039 2984; x_wconf 85' lang='lat' dir='ltr'><strong>amariorem</strong></span> <span class='ocrx_word' id='word_1_205' title='bbox 1066 2919 1158 2983; x_wconf 90' lang='lat' dir='ltr'><strong>felle</strong></span> <span class='ocrx_word' id='word_1_206' title='bbox 1185 2919 1357 2983; x_wconf 90' lang='lat' dir='ltr'><strong>inuenies</strong></span> 
     </span>
     <span class='ocr_line' id='line_1_25' title="bbox 218 3023 1358 3107; baseline -0.001 -20"><span class='ocrx_word' id='word_1_207' title='bbox 218 3043 306 3103; x_wconf 86' lang='lat' dir='ltr'><strong>earn,</strong></span> <span class='ocrx_word' id='word_1_208' title='bbox 337 3025 419 3105; x_wconf 90' lang='lat' dir='ltr'><strong>quod</strong></span> <span class='ocrx_word' id='word_1_209' title='bbox 450 3028 556 3089; x_wconf 90' lang='lat' dir='ltr'><strong>tamen</strong></span> <span class='ocrx_word' id='word_1_210' title='bbox 588 3025 789 3088; x_wconf 88' lang='lat' dir='ltr'><strong>nihilominus</strong></span> <span class='ocrx_word' id='word_1_211' title='bbox 813 3028 845 3088; x_wconf 91' lang='lat' dir='ltr'><strong>et</strong></span> <span class='ocrx_word' id='word_1_212' title='bbox 867 3025 944 3107; x_wconf 90' lang='lat' dir='ltr'><strong>ipse,</strong></span> <span class='ocrx_word' id='word_1_213' title='bbox 975 3041 1046 3088; x_wconf 90' lang='lat' dir='ltr'><strong>cum</strong></span> <span class='ocrx_word' id='word_1_214' title='bbox 1069 3023 1282 3106; x_wconf 84' lang='lat' dir='ltr'><strong>praedixisset,</strong></span> <span class='ocrx_word' id='word_1_215' title='bbox 1309 3023 1358 3086; x_wconf 91' lang='lat' dir='ltr'><strong>in-</strong></span> 
     </span>
     <span class='ocr_line' id='line_1_26' title="bbox 217 3126 1410 3210; baseline 0.002 -20"><span class='ocrx_word' id='word_1_216' title='bbox 217 3129 322 3192; x_wconf 88' lang='lat' dir='ltr'><strong>currit.</strong></span> <span class='ocrx_word' id='word_1_217' title='bbox 370 3132 401 3192; x_wconf 89' lang='lat' dir='ltr'><strong>et</strong></span> <span class='ocrx_word' id='word_1_218' title='bbox 423 3129 492 3192; x_wconf 91' lang='lat' dir='ltr'><strong>ideo</strong></span> <span class='ocrx_word' id='word_1_219' title='bbox 515 3129 595 3208; x_wconf 91' lang='lat' dir='ltr'><strong>uide,</strong></span> <span class='ocrx_word' id='word_1_220' title='bbox 624 3129 705 3210; x_wconf 90' lang='lat' dir='ltr'><strong>quod</strong></span> <span class='ocrx_word' id='word_1_221' title='bbox 728 3129 847 3192; x_wconf 89' lang='lat' dir='ltr'><strong>malurn</strong></span> <span class='ocrx_word' id='word_1_222' title='bbox 871 3129 921 3206; x_wconf 91' lang='lat' dir='ltr'><strong>sit,</strong></span> <span class='ocrx_word' id='word_1_223' title='bbox 946 3127 1041 3192; x_wconf 86' lang='lat' dir='ltr'><strong>frater</strong></span> <span class='ocrx_word' id='word_1_224' title='bbox 1065 3127 1237 3207; x_wconf 89' lang='lat' dir='ltr'><strong>carissime,</strong></span> <span class='ocrx_word' id='word_1_225' title='bbox 1264 3126 1356 3208; x_wconf 90' lang='lat' dir='ltr'><strong>quod,</strong></span> <span class='ocrx_word' id='word_1_226' title='bbox 1385 3152 1410 3192; x_wconf 78' lang='lat' dir='ltr'><strong>a</strong></span> 
     </span>
     <span class='ocr_line' id='line_1_27' title="bbox 218 3230 1358 3315; baseline 0 -21"><span class='ocrx_word' id='word_1_227' title='bbox 218 3231 291 3295; x_wconf 91' lang='lat' dir='ltr'><strong>dum</strong></span> <span class='ocrx_word' id='word_1_228' title='bbox 315 3233 496 3312; x_wconf 84' lang='lat' dir='ltr'><strong>detestatur,</strong></span> <span class='ocrx_word' id='word_1_229' title='bbox 528 3232 713 3312; x_wconf 85' lang='lat' dir='ltr'><strong>admittitur,</strong></span> <span class='ocrx_word' id='word_1_230' title='bbox 742 3233 817 3296; x_wconf 92' lang='lat' dir='ltr'><strong>dum</strong></span> <span class='ocrx_word' id='word_1_231' title='bbox 839 3232 1002 3315; x_wconf 86' lang='lat' dir='ltr'><strong>refugitur,</strong></span> <span class='ocrx_word' id='word_1_232' title='bbox 1031 3232 1081 3295; x_wconf 83' lang='lat' dir='ltr'><strong>uix</strong></span> <span class='ocrx_word' id='word_1_233' title='bbox 1105 3231 1231 3296; x_wconf 84' lang='lat' dir='ltr'><strong>uitetur.</strong></span> <span class='ocrx_word' id='word_1_234' title='bbox 1277 3230 1358 3295; x_wconf 89' lang='lat' dir='ltr'><strong>unde</strong></span> 
     </span>
     <span class='ocr_line' id='line_1_28' title="bbox 219 3336 1358 3418; baseline -0.002 -18"><span class='ocrx_word' id='word_1_235' title='bbox 219 3341 251 3400; x_wconf 93' lang='lat' dir='ltr'><strong>et</strong></span> <span class='ocrx_word' id='word_1_236' title='bbox 272 3341 315 3416; x_wconf 90' lang='lat' dir='ltr'><strong>tu,</strong></span> <span class='ocrx_word' id='word_1_237' title='bbox 339 3337 421 3400; x_wconf 88' lang='lat' dir='ltr'><strong>sicut</strong></span> <span class='ocrx_word' id='word_1_238' title='bbox 441 3337 516 3400; x_wconf 92' lang='lat' dir='ltr'><strong>dicit</strong></span> <span class='ocrx_word' id='word_1_239' title='bbox 536 3337 697 3418; x_wconf 89' lang='lat' dir='ltr'><strong>scripture,</strong></span> <span class='ocrx_word' id='word_1_240' title='bbox 721 3337 821 3400; x_wconf 92' lang='lat' dir='ltr'><strong>omni</strong></span> <span class='ocrx_word' id='word_1_241' title='bbox 845 3336 1016 3400; x_wconf 87' lang='lat' dir='ltr'><strong>custodia</strong></span> <span class='ocrx_word' id='word_1_242' title='bbox 1039 3353 1148 3400; x_wconf 87' lang='lat' dir='ltr'><strong>serua</strong></span> <span class='ocrx_word' id='word_1_243' title='bbox 1170 3353 1231 3399; x_wconf 90' lang='lat' dir='ltr'><strong>cor</strong></span> <span class='ocrx_word' id='word_1_244' title='bbox 1255 3337 1358 3398; x_wconf 89' lang='lat' dir='ltr'><strong>tuum</strong></span> 
     </span>
     <span class='ocr_line' id='line_1_29' title="bbox 219 3439 1358 3522; baseline -0.002 -18"><span class='ocrx_word' id='word_1_245' title='bbox 219 3443 251 3504; x_wconf 88' lang='lat' dir='ltr'><strong>et</strong></span> <span class='ocrx_word' id='word_1_246' title='bbox 272 3441 391 3504; x_wconf 88' lang='lat' dir='ltr'><strong>discute</strong></span> <span class='ocrx_word' id='word_1_247' title='bbox 415 3441 638 3506; x_wconf 88' lang='lat' dir='ltr'><strong>conscientiam</strong></span> <span class='ocrx_word' id='word_1_248' title='bbox 663 3445 760 3521; x_wconf 86' lang='lat' dir='ltr'><strong>tuam,</strong></span> <span class='ocrx_word' id='word_1_249' title='bbox 785 3461 834 3520; x_wconf 90' lang='lat' dir='ltr'><strong>ne,</strong></span> <span class='ocrx_word' id='word_1_250' title='bbox 858 3441 939 3504; x_wconf 87' lang='lat' dir='ltr'><strong>unde</strong></span> <span class='ocrx_word' id='word_1_251' title='bbox 964 3441 1062 3504; x_wconf 83' lang='lat' dir='ltr'><strong>exisse</strong></span> <span class='ocrx_word' id='word_1_252' title='bbox 1085 3439 1199 3503; x_wconf 90' lang='lat' dir='ltr'><strong>uideris</strong></span> <span class='ocrx_word' id='word_1_253' title='bbox 1219 3443 1358 3522; x_wconf 88' lang='lat' dir='ltr'><strong>aspectu,</strong></span> 
     </span>
    </p>
   </div>
   <div class='ocr_carea' id='block_1_3' title="bbox 219 3601 1357 3760">
    <p class='ocr_par' dir='ltr' id='par_1_3' title="bbox 219 3601 1357 3760">
     <span class='ocr_line' id='line_1_30' title="bbox 321 3601 1357 3672; baseline -0.002 -14"><span class='ocrx_word' id='word_1_254' title='bbox 321 3603 349 3672; x_wconf 86' lang='lat'><strong>9]</strong></span> <span class='ocrx_word' id='word_1_255' title='bbox 364 3603 428 3658; x_wconf 87' lang='lat' dir='ltr'><strong>Gen.</strong></span> <span class='ocrx_word' id='word_1_256' title='bbox 444 3607 483 3665; x_wconf 85' lang='grc'><strong>19,</strong></span> <span class='ocrx_word' id='word_1_257' title='bbox 497 3606 537 3658; x_wconf 87' lang='grc'><strong>26.</strong></span> <span class='ocrx_word' id='word_1_258' title='bbox 581 3603 623 3672; x_wconf 89' lang='lat' dir='ltr'><strong>ll]</strong></span> <span class='ocrx_word' id='word_1_259' title='bbox 638 3603 717 3656; x_wconf 84' lang='lat' dir='ltr'><strong>llrod.</strong></span> <span class='ocrx_word' id='word_1_260' title='bbox 733 3605 773 3666; x_wconf 78' lang='lat'><strong>14,</strong></span> <span class='ocrx_word' id='word_1_261' title='bbox 787 3605 828 3658; x_wconf 82' lang='grc'><strong>29.</strong></span> <span class='ocrx_word' id='word_1_262' title='bbox 872 3603 916 3671; x_wconf 77' lang='lat'><strong>14]</strong></span> <span class='ocrx_word' id='word_1_263' title='bbox 930 3601 1010 3656; x_wconf 82' lang='lat' dir='ltr'><strong>Erod.</strong></span> <span class='ocrx_word' id='word_1_264' title='bbox 1026 3604 1066 3666; x_wconf 87' lang='lat'><strong>16,</strong></span> <span class='ocrx_word' id='word_1_265' title='bbox 1079 3604 1102 3657; x_wconf 90' lang='lat'><strong>3.</strong></span> <span class='ocrx_word' id='word_1_266' title='bbox 1144 3601 1190 3670; x_wconf 92' lang='grc'><strong>22]</strong></span> <span class='ocrx_word' id='word_1_267' title='bbox 1203 3601 1282 3655; x_wconf 84' lang='lat' dir='ltr'><strong>Pron.</strong></span> <span class='ocrx_word' id='word_1_268' title='bbox 1296 3605 1320 3666; x_wconf 89' lang='lat'><strong>5,</strong></span> <span class='ocrx_word' id='word_1_269' title='bbox 1333 3603 1357 3656; x_wconf 85' lang='grc'><strong>3.</strong></span> 
     </span>
     <span class='ocr_line' id='line_1_31' title="bbox 219 3689 456 3760; baseline -0.008 -14"><span class='ocrx_word' id='word_1_270' title='bbox 219 3690 264 3760; x_wconf 82' lang='lat'><strong>27]</strong></span> <span class='ocrx_word' id='word_1_271' title='bbox 283 3689 362 3744; x_wconf 88' lang='lat' dir='ltr'><strong>Prou.</strong></span> <span class='ocrx_word' id='word_1_272' title='bbox 376 3693 401 3754; x_wconf 82' lang='lat' dir='ltr'><strong>l,</strong></span> <span class='ocrx_word' id='word_1_273' title='bbox 414 3693 456 3746; x_wconf 86' lang='grc'><strong>23.</strong></span> 
     </span>
    </p>
   </div>
   <div class='ocr_carea' id='block_1_4' title="bbox 219 3845 1360 4000">
    <p class='ocr_par' dir='ltr' id='par_1_4' title="bbox 219 3845 1360 4000">
     <span class='ocr_line' id='line_1_32' title="bbox 263 3845 1360 3917; baseline -0.001 -15"><span class='ocrx_word' id='word_1_274' title='bbox 263 3850 327 3902; x_wconf 89' lang='lat' dir='ltr'><strong>lut</strong></span> <span class='ocrx_word' id='word_1_275' title='bbox 345 3848 408 3902; x_wconf 81' lang='lat' dir='ltr'><strong>add.</strong></span> <span class='ocrx_word' id='word_1_276' title='bbox 422 3848 607 3917; x_wconf 77' lang='lat' dir='ltr'><strong>Luctjoboaa,</strong></span> <span class='ocrx_word' id='word_1_277' title='bbox 625 3847 715 3902; x_wconf 63' lang='lat' dir='ltr'><strong>oms</strong></span> <span class='ocrx_word' id='word_1_278' title='bbox 765 3845 952 3915; x_wconf 85' lang='lat' dir='ltr'><strong>3dispieisS</strong></span> <span class='ocrx_word' id='word_1_279' title='bbox 1008 3845 1146 3914; x_wconf 79' lang='lat' dir='ltr'><strong>Stanens]</strong></span> <span class='ocrx_word' id='word_1_280' title='bbox 1166 3845 1248 3898; x_wconf 88' lang='lat' dir='ltr'><strong>aratri</strong></span> <span class='ocrx_word' id='word_1_281' title='bbox 1266 3845 1360 3901; x_wconf 81' lang='lat' dir='ltr'><strong>oddo</strong></span> 
     </span>
     <span class='ocr_line' id='line_1_33' title="bbox 219 3931 1360 4000; baseline 0.001 -11"><span class='ocrx_word' id='word_1_282' title='bbox 219 3934 357 3989; x_wconf 65' lang='lat' dir='ltr'><strong>dientes</strong></span> <span class='ocrx_word' id='word_1_283' title='bbox 403 3937 551 3989; x_wconf 80' lang='lat' dir='ltr'><strong>litantem</strong></span> <span class='ocrx_word' id='word_1_284' title='bbox 561 3954 584 4000; x_wconf 77' lang='lat' dir='ltr'><strong>a,</strong></span> <span class='ocrx_word' id='word_1_285' title='bbox 595 3933 662 3986; x_wconf 88' lang='lat' dir='ltr'><strong>tanti</strong></span> <span class='ocrx_word' id='word_1_286' title='bbox 676 3935 704 4000; x_wconf 77' lang='lat' dir='ltr'><strong>S,</strong></span> <span class='ocrx_word' id='word_1_287' title='bbox 715 3933 846 3986; x_wconf 84' lang='lat' dir='ltr'><strong>aestuanti</strong></span> <span class='ocrx_word' id='word_1_288' title='bbox 857 3935 907 3987; x_wconf 86' lang='lat' dir='ltr'><strong>Kr.</strong></span> <span class='ocrx_word' id='word_1_289' title='bbox 956 3931 1103 3988; x_wconf 81' lang='lat' dir='ltr'><strong>fcrentieS</strong></span> <span class='ocrx_word' id='word_1_290' title='bbox 1149 3933 1181 3987; x_wconf 91' lang='grc'><strong>12</strong></span> <span class='ocrx_word' id='word_1_291' title='bbox 1194 3931 1360 4000; x_wconf 83' lang='lat' dir='ltr'><strong>parantib;S</strong></span> 
     </span>
    </p>
   </div>
   <div class='ocr_carea' id='block_1_5' title="bbox 219 4011 1361 4462">
    <p class='ocr_par' dir='ltr' id='par_1_5' title="bbox 219 4011 1361 4462">
     <span class='ocr_line' id='line_1_34' title="bbox 219 4011 1361 4116; baseline -0.001 -16"><span class='ocrx_word' id='word_1_292' title='bbox 219 4050 374 4116; x_wconf 84' lang='lat' dir='ltr'><strong>preparante</strong></span> <span class='ocrx_word' id='word_1_293' title='bbox 394 4048 417 4104; x_wconf 85' lang='lat' dir='ltr'><strong><em>S</em></strong></span> <span class='ocrx_word' id='word_1_294' title='bbox 471 4049 502 4102; x_wconf 87' lang='lat'><strong>13</strong></span> <span class='ocrx_word' id='word_1_295' title='bbox 520 4045 709 4115; x_wconf 89' lang='lat' dir='ltr'><strong>inluminante]</strong></span> <span class='ocrx_word' id='word_1_296' title='bbox 722 4011 750 4099; x_wconf 63' lang='lat'><strong>&amp;⁸</strong></span> <span class='ocrx_word' id='word_1_297' title='bbox 763 4047 826 4100; x_wconf 84' lang='lat' dir='ltr'><strong>edd.</strong></span> <span class='ocrx_word' id='word_1_298' title='bbox 842 4047 898 4112; x_wconf 83' lang='lat' dir='ltr'><strong>S(s</strong></span> <span class='ocrx_word' id='word_1_299' title='bbox 911 4064 982 4100; x_wconf 83' lang='lat' dir='ltr'><strong>maa.</strong></span> <span class='ocrx_word' id='word_1_300' title='bbox 997 4045 1055 4112; x_wconf 80' lang='lat' dir='ltr'><strong>alt.)</strong></span> <span class='ocrx_word' id='word_1_301' title='bbox 1108 4047 1181 4098; x_wconf 88' lang='lat' dir='ltr'><strong>trans</strong></span> <span class='ocrx_word' id='word_1_302' title='bbox 1192 4044 1361 4113; x_wconf 55' lang='lat' dir='ltr'><strong>{lss&#39;gressusS</strong></span> 
     </span>
     <span class='ocr_line' id='line_1_35' title="bbox 219 4129 1358 4202; baseline -0.002 -16"><span class='ocrx_word' id='word_1_303' title='bbox 219 4136 288 4202; x_wconf 81' lang='lat' dir='ltr'><strong>(gres</strong></span> <span class='ocrx_word' id='word_1_304' title='bbox 311 4135 391 4201; x_wconf 81' lang='lat' dir='ltr'><strong>eras.)</strong></span> <span class='ocrx_word' id='word_1_305' title='bbox 410 4134 553 4190; x_wconf 85' lang='lat' dir='ltr'><strong>beremiS</strong></span> <span class='ocrx_word' id='word_1_306' title='bbox 607 4137 638 4188; x_wconf 78' lang='lat'><strong>14</strong></span> <span class='ocrx_word' id='word_1_307' title='bbox 657 4131 724 4186; x_wconf 87' lang='lat' dir='ltr'><strong>ollas</strong></span> <span class='ocrx_word' id='word_1_308' title='bbox 742 4135 803 4200; x_wconf 76' lang='lat' dir='ltr'><strong>Kr,</strong></span> <span class='ocrx_word' id='word_1_309' title='bbox 822 4132 932 4187; x_wconf 82' lang='lat' dir='ltr'><strong>ollaeS</strong></span> <span class='ocrx_word' id='word_1_310' title='bbox 984 4134 1016 4186; x_wconf 89' lang='grc'><strong>16</strong></span> <span class='ocrx_word' id='word_1_311' title='bbox 1034 4129 1161 4202; x_wconf 67' lang='lat' dir='ltr'><strong>leudes</strong></span> <span class='ocrx_word' id='word_1_312' title='bbox 1213 4134 1245 4188; x_wconf 79' lang='lat'><strong>17</strong></span> <span class='ocrx_word' id='word_1_313' title='bbox 1264 4131 1358 4184; x_wconf 82' lang='lat' dir='ltr'><strong>auditd</strong></span> 
     </span>
     <span class='ocr_line' id='line_1_36' title="bbox 219 4217 1359 4288; baseline -0.002 -15"><span class='ocrx_word' id='word_1_314' title='bbox 219 4221 364 4277; x_wconf 85' lang='lat' dir='ltr'><strong>olliscitS¹</strong></span> <span class='ocrx_word' id='word_1_315' title='bbox 420 4223 452 4276; x_wconf 83' lang='lat'><strong>18</strong></span> <span class='ocrx_word' id='word_1_316' title='bbox 464 4220 603 4274; x_wconf 85' lang='lat' dir='ltr'><strong>blanditur</strong></span> <span class='ocrx_word' id='word_1_317' title='bbox 616 4221 656 4288; x_wconf 90' lang='lat' dir='ltr'><strong>ut]</strong></span> <span class='ocrx_word' id='word_1_318' title='bbox 677 4219 814 4273; x_wconf 85' lang='lat' dir='ltr'><strong>blanditur</strong></span> <span class='ocrx_word' id='word_1_319' title='bbox 832 4219 897 4275; x_wconf 82' lang='lat' dir='ltr'><strong>uis</strong></span> <span class='ocrx_word' id='word_1_320' title='bbox 948 4221 980 4274; x_wconf 85' lang='lat'><strong>19</strong></span> <span class='ocrx_word' id='word_1_321' title='bbox 993 4217 1143 4274; x_wconf 84' lang='lat' dir='ltr'><strong>uoluerits</strong></span> <span class='ocrx_word' id='word_1_322' title='bbox 1195 4221 1229 4275; x_wconf 90' lang='grc'><strong>20</strong></span> <span class='ocrx_word' id='word_1_323' title='bbox 1246 4217 1359 4272; x_wconf 81' lang='lat' dir='ltr'><strong>delectet</strong></span> 
     </span>
     <span class='ocr_line' id='line_1_37' title="bbox 220 4305 1358 4376; baseline -0.004 -14"><span class='ocrx_word' id='word_1_324' title='bbox 220 4309 270 4362; x_wconf 81' lang='lat' dir='ltr'><strong>Kr.</strong></span> <span class='ocrx_word' id='word_1_325' title='bbox 324 4305 468 4362; x_wconf 70' lang='lat' dir='ltr'><strong>dulcidod</strong></span> <span class='ocrx_word' id='word_1_326' title='bbox 520 4310 551 4362; x_wconf 87' lang='grc'><strong>21</strong></span> <span class='ocrx_word' id='word_1_327' title='bbox 567 4305 780 4376; x_wconf 86' lang='lat' dir='ltr'><strong>dampnaturaS</strong></span> <span class='ocrx_word' id='word_1_328' title='bbox 826 4308 860 4360; x_wconf 88' lang='grc'><strong>23</strong></span> <span class='ocrx_word' id='word_1_329' title='bbox 872 4305 1042 4373; x_wconf 86' lang='lat' dir='ltr'><strong>amariorem]</strong></span> <span class='ocrx_word' id='word_1_330' title='bbox 1056 4305 1209 4362; x_wconf 82' lang='lat' dir='ltr'><strong>amaioreS</strong></span> <span class='ocrx_word' id='word_1_331' title='bbox 1253 4307 1287 4360; x_wconf 79' lang='grc'><strong>24</strong></span> <span class='ocrx_word' id='word_1_332' title='bbox 1300 4320 1358 4375; x_wconf 84' lang='lat' dir='ltr'><strong>pra·</strong></span> 
     </span>
     <span class='ocr_line' id='line_1_38' title="bbox 221 4393 1086 4462; baseline 0.002 -16"><span class='ocrx_word' id='word_1_333' title='bbox 221 4395 369 4450; x_wconf 81' lang='lat' dir='ltr'><strong>dixissctS</strong></span> <span class='ocrx_word' id='word_1_334' title='bbox 420 4397 452 4450; x_wconf 87' lang='grc'><strong>27</strong></span> <span class='ocrx_word' id='word_1_335' title='bbox 472 4409 549 4447; x_wconf 84' lang='lat' dir='ltr'><strong>serua</strong></span> <span class='ocrx_word' id='word_1_336' title='bbox 568 4393 622 4462; x_wconf 91' lang='lat' dir='ltr'><strong>cor]</strong></span> <span class='ocrx_word' id='word_1_337' title='bbox 642 4393 805 4448; x_wconf 86' lang='lat' dir='ltr'><strong>seruaturS</strong></span> <span class='ocrx_word' id='word_1_338' title='bbox 857 4393 1086 4460; x_wconf 62' lang='lat' dir='ltr'><strong>respectans</strong></span> 
     </span>
    </p>
   </div>
   <div class='ocr_carea' id='block_1_6' title="bbox 0 0 1644 5142">
    <p class='ocr_par' dir='ltr' id='par_1_6' title="bbox 0 0 1644 5142">
     <span class='ocr_line' id='line_1_39' title="bbox 0 0 1644 5142; baseline 0 0"><span class='ocrx_word' id='word_1_339' title='bbox 0 0 1644 5142; x_wconf 95' lang='lat' dir='ltr'><strong> </strong></span> 
     </span>
    </p>
   </div>
  </div>
 </body>
</html>
