3320 5140
288 463 306 526 8
751 461 771 516 Ι,
791 462 834 514 De
853 461 961 530 gratia

287 637 494 722 gubernatore
516 655 630 702 nauem
654 635 800 701 fluctibus
828 637 965 717 credant,
989 637 1127 700 medium
1150 639 1277 700 teneant
1300 655 1422 700 cursum

288 747 319 806 ot
343 741 435 806 ambo
458 741 533 806 flatu
558 742 663 806 dertro
687 741 896 824 perducentur
920 741 958 805 ad
980 745 1114 825 portum.

331 846 511 926 Videamus,
543 847 592 910 cui
622 846 774 930 impietati
800 846 961 930 geminum
984 846 1067 909 hunc
1091 863 1225 910 errorem
1249 845 1423 909 adsimilare

287 952 337 1016 uel
366 952 505 1015 conterre
532 951 697 1035 possimus.
743 951 810 1034 pari
837 952 928 1014 modo
956 951 987 1014 in
1014 953 1134 1031 petram
1164 950 1301 1014 scandali
1328 949 1424 1014 otten-

248 1074 261 1112 s
287 1056 365 1120 dunt
388 1057 438 1120 uel
462 1056 517 1136 illi,
541 1056 593 1138 qui
611 1055 769 1120 Christum
792 1056 954 1119 dominum
975 1055 1076 1118 solum
1093 1054 1195 1132 deum,
1220 1054 1270 1117 uel
1293 1054 1347 1134 illi,
1371 1053 1423 1135 qui

287 1162 388 1225 solum
412 1161 572 1225 homiuem
596 1161 713 1224 amissa
737 1161 931 1224 discretionis
955 1161 1023 1224 luce
1047 1177 1184 1222 asserere
1207 1177 1424 1241 praesumpse-

287 1269 369 1330 runt.
393 1283 492 1348 paene
508 1269 639 1346 utraque
657 1265 811 1345 nimietas,
828 1265 901 1328 dum
916 1264 1135 1327 discretionem
1152 1267 1244 1344 atque
1260 1262 1424 1326 discrimen

287 1375 391 1433 tenero
415 1370 523 1449 nescit,
553 1370 681 1452 aequale
705 1370 821 1432 crimen
850 1368 987 1431 incurrit.
1033 1368 1160 1450 proinde
1189 1367 1241 1448 qui
1265 1366 1424 1431 Christum

288 1474 389 1537 solum
412 1473 571 1538 hominem
595 1473 714 1552 dixerit,
739 1473 867 1556 negauit
890 1473 1023 1535 auctoris
1045 1472 1225 1555 potentiam,
1249 1471 1301 1553 qui
1324 1470 1423 1534 solum

237 1593 262 1631 ¹0
288 1579 390 1658 deum,
418 1577 552 1660 perdidit
579 1577 822 1640 misericordiam
851 1576 1065 1658 redemptoris.
1112 1593 1148 1638 ac
1171 1575 1225 1655 sio,
1253 1574 1423 1656 quianam

287 1682 317 1746 iu
335 1681 459 1746 domiuo
484 1682 638 1745 saluatoro
662 1680 872 1745 substantiam
896 1679 1093 1760 confitentur,
1117 1680 1148 1743 in
1171 1679 1252 1742 hano
1272 1677 1425 1742 constrin-

286 1789 400 1869 gcutur
423 1786 653 1865 necessitatem,
678 1789 713 1849 ut
736 1789 790 1850 aut
813 1786 914 1849 solum
938 1784 1096 1848 hominem
1121 1783 1204 1847 caelo
1227 1784 1350 1867 lapsum
1370 1787 1426 1845 aut

287 1891 388 1954 solum
412 1891 503 1953 deum
520 1893 671 1973 cogantur
695 1889 795 1953 dicere
812 1888 1001 1952 crucifixum.
1033 1889 1087 1951 sed
1112 1906 1172 1952 nou
1195 1888 1239 1951 ita
1255 1891 1311 1950 est.
1344 1905 1425 1950 mor-

287 1997 352 2058 tem
374 1995 457 2058 euim
482 2012 538 2058 nec
562 1995 646 2058 solus
663 1994 739 2059 deus
763 1994 878 2056 sentire
903 2012 959 2056 uso
982 1993 1066 2056 solus
1090 1992 1182 2056 homo
1203 2009 1348 2074 superare
1369 2008 1425 2073 po-

238 2113 261 2152 1⁵
287 2099 399 2162 luisset
431 2102 462 2162 et
491 2099 559 2163 idco
590 2117 660 2162 eam
695 2117 750 2182 pro
785 2099 929 2181 geminae
959 2098 1078 2162 ratione
1109 2096 1302 2160 substantiae
1332 2095 1424 2158 homo

287 2203 423 2284 suscepit
446 2207 477 2266 et
499 2203 575 2266 deus
599 2203 683 2266 uicit.
723 2203 748 2266 si
772 2221 844 2285 ergo
868 2202 1009 2284 partibus
1032 2205 1237 2284 proprietates
1261 2219 1333 2264 suas
1356 2201 1424 2263 rod-

287 2305 342 2370 das
358 2311 389 2370 et
405 2305 565 2371 Christum
589 2307 683 2370 deum
707 2307 799 2370 simul
824 2311 916 2388 atque
940 2306 1098 2370 hominem
1115 2305 1221 2368 credas
1246 2309 1423 2382 classenm,

286 2411 412 2495 perinde
436 2415 483 2475 est
506 2411 583 2476 acsi
605 2411 739 2494 gratiam
763 2429 834 2474 cunr
857 2410 963 2474 labore
986 2410 1156 2494 coniungas
1173 2413 1204 2473 et
1220 2409 1258 2473 ab
1276 2409 1424 2472 adiutorio

287 2516 336 2579 dei
352 2519 498 2578 conatum
521 2514 656 2578 hominis
681 2533 742 2578 uon
762 2515 895 2598 repellas
919 2515 964 2578 ita
986 2519 1102 2594 tamen,
1126 2517 1161 2577 ut
1183 2513 1351 2577 adnitentis
1372 2512 1425 2575 de-

233 2636 260 2674 ¹0
286 2620 403 2684 uotioni
426 2620 568 2684 elationis
589 2620 713 2704 culpam
729 2621 853 2702 penitus
877 2637 938 2683 uon
963 2619 1144 2698 admisceas,
1169 2618 1422 2700 quiaquantum

285 2725 465 2789 detrimenti
494 2729 542 2789 est
569 2743 630 2788 non
657 2723 808 2804 laborare,
836 2727 960 2788 tautum
987 2723 1116 2805 periculi
1144 2722 1181 2786 de
1204 2721 1310 2786 labora
1336 2740 1424 2804 prae-

285 2847 418 2892 sumere.

328 2933 411 2996 Dicit
443 2950 514 3016 ergo
546 2933 701 3016 Pelagius,
733 2932 814 3014 quod
845 2931 884 2995 ad
914 2931 1116 2996 obtinendam
1148 2932 1281 2995 salutern
1314 2935 1423 2995 natura

285 3037 420 3100 hominis
449 3036 509 3099 sibi
537 3038 603 3101 sola
626 3037 770 3100 sufficiat.
817 3037 860 3099 ita
886 3037 963 3100 haec
990 3036 1118 3118 pestifer
1141 3036 1246 3099 doctor
1269 3035 1422 3113 adfirmat,

233 3153 258 3192 ²⁵
285 3141 373 3220 quasi
402 3141 501 3204 adhuc
529 3141 650 3204 lactura
677 3141 859 3204 conditionis
887 3143 1010 3204 nostrae
1038 3141 1069 3203 in
1098 3143 1182 3204 statu
1211 3159 1265 3204 suo
1293 3139 1423 3203 inlibata

284 3248 475 3324 permaneat.
520 3261 576 3326 ego
601 3244 745 3324 arbitror,
768 3244 849 3325 quod
873 3243 1001 3308 libertas
1025 3244 1143 3308 arbitrii
1167 3243 1226 3307 sibi
1249 3244 1315 3307 sola
1338 3243 1423 3306 sulti-

284 3367 352 3410 cere
370 3348 436 3410 siue
461 3348 614 3430 praesidio
630 3348 748 3431 gratiae
772 3367 833 3412 non
856 3349 1000 3431 potuerit,
1025 3349 1119 3412 otiam
1137 3351 1306 3429 autequam
1329 3347 1423 3430 priui-

284 3453 402 3535 legium
425 3453 508 3516 illius
533 3453 740 3535 transgressio
764 3453 867 3534 prima
888 3454 1027 3518 uiolaret.
1071 3455 1225 3535 quomodo
1246 3471 1318 3516 uero
1343 3472 1422 3516 nuuc

284 3561 387 3638 potest
410 3556 471 3619 sibi
499 3557 566 3621 sola
589 3556 742 3636 sulficere,
771 3558 810 3621 ad
833 3559 920 3622 cuius
948 3559 1159 3641 arrogantiam
1184 3558 1310 3622 dicitur:
1339 3557 1421 3639 quia

232 3677 257 3712 ³0
285 3661 364 3724 siue
393 3680 446 3724 me
475 3661 569 3724 nihil
596 3662 757 3743 potestis
785 3662 922 3742 lacere,
955 3662 994 3725 ad
1022 3663 1108 3726 ouius
1136 3663 1422 3746 praesumptionem

284 3765 408 3828 diuinus
426 3783 527 3828 sermo
540 3765 697 3850 dirigitur:
715 3766 786 3830 nisi
803 3766 972 3830 dominus
990 3767 1252 3831 aedilicauerit
1268 3768 1422 3850 domum,

387 3973 432 4042 29]
452 3973 544 4026 Ioaun.
565 3975 604 4034 15,
618 3975 641 4027 5.
697 3972 741 4042 31]
761 3971 859 4026 Psalm.
881 3975 937 4036 126,
953 3975 974 4027 l.

330 4146 486 4200 inanimo
552 4149 669 4213 lpaeua
687 4147 714 4200 P
776 4149 902 4212 utraquao
922 4146 949 4198 P
1009 4146 1068 4214 adq;
1089 4147 1114 4199 P
1177 4149 1208 4201 10
1228 4145 1423 4198 redemtorisP

286 4235 316 4286 14
337 4233 532 4286 nec-seutlra
554 4233 617 4286 odd.
637 4235 677 4286 12²
700 4235 731 4286 in
750 4235 803 4300 linc
820 4233 941 4300 pupione
959 4233 1079 4298 (sentiret
1099 4233 1150 4298 1³²)
1223 4236 1253 4288 15
1277 4233 1383 4300 gemina
1407 4251 1422 4286 o

285 4323 317 4374 16
336 4320 446 4389 suscipit
464 4328 487 4374 ct
506 4320 591 4373 uincit
610 4321 637 4374 P
699 4323 732 4374 20
750 4319 871 4388 paenitus
892 4320 918 4372 P
968 4323 1002 4374 23
1023 4319 1194 4388 optinendam
1214 4322 1241 4374 P
1292 4322 1325 4374 24
1345 4319 1421 4373 hioo

283 4409 316 4461 25
330 4425 396 4460 aaran
410 4405 520 4460 inlibato
539 4407 730 4462 scrabeadum?
791 4409 824 4461 28
841 4405 927 4474 prima
941 4425 1018 4462 orreo
