3264 5134
323 467 366 534 60
785 470 807 524 1.
825 470 870 524 De
886 472 993 540 gratie

321 645 538 710 accedentibus
559 647 695 710 mitescit
713 646 855 730 flagellis,
878 647 1094 712 recedentibus
1117 649 1284 713 insolescit.
1324 667 1455 733 agnosce

320 750 474 815 rationem
501 750 715 816 obdurationis
743 753 862 816 etnim
885 754 1026 836 propriae
1053 753 1232 818 uoluntatis.
1277 753 1456 819 Hebraeum

319 857 480 938 populum,
503 875 597 938 quem
620 857 724 940 egredi
742 875 798 940 pro
821 858 958 940 inposita
980 857 1041 922 sibi
1063 859 1246 923 contritione
1266 876 1349 922 nunc
1368 876 1455 942 prae·

320 962 396 1045 cipit
416 965 447 1027 et
465 981 521 1046 pro
536 964 699 1047 plagarum
721 963 933 1028 moderatione
952 982 1035 1028 nunc
1050 962 1205 1047 prohibet,
1229 963 1267 1028 ad
1283 967 1454 1028 extremum

282 1094 295 1131 s
320 1067 572 1132 incumbentibus
592 1068 694 1151 plagis
715 1069 809 1132 etiam
828 1067 959 1132 festinus
980 1067 1065 1132 abire
1081 1072 1228 1152 perurget
1248 1072 1279 1132 et
1299 1069 1454 1152 conpellit.

320 1190 382 1237 non
405 1190 478 1256 ergo
501 1172 663 1237 induretur
682 1173 714 1236 in
738 1173 838 1236 multa
860 1173 908 1236 dei
927 1173 1076 1256 potentia,
1100 1172 1155 1236 sed
1176 1175 1371 1256 contemptor
1391 1172 1455 1236 elfi-

319 1277 399 1342 citur
415 1277 447 1341 in
468 1277 569 1340 multa
588 1276 637 1340 dei
656 1277 817 1360 patientia.
857 1277 990 1359 denique
1010 1279 1090 1342 inter
1106 1277 1242 1342 alternas
1259 1277 1343 1342 uices
1365 1277 1455 1341 cesti·

318 1381 454 1466 gationis
474 1384 506 1445 et
523 1381 715 1446 remissionis
730 1381 905 1464 flagellatus
925 1381 1116 1462 humiliatur,
1137 1381 1298 1446 exauditus
1319 1382 1454 1465 erigitur,

318 1485 468 1550 liberatus
498 1485 638 1566 insultat,
670 1484 803 1550 afflictus
835 1485 1030 1570 obtemperat
1060 1489 1092 1550 et
1124 1485 1203 1551 lilios
1235 1486 1349 1567 lsrael,
1380 1503 1454 1568 quos

269 1616 293 1655 ιο
319 1593 390 1673 post
416 1591 569 1654 decimam
596 1591 722 1674 plagam
750 1591 892 1656 emisisse
919 1591 1129 1674 cognoscitur,
1160 1591 1198 1655 ad
1221 1591 1357 1674 primam
1385 1609 1455 1655 eum

319 1695 460 1759 emittere
487 1694 626 1778 potuisse
653 1695 801 1759 uoluntas
829 1699 987 1777 postrema
1017 1699 1159 1759 testetur.
1213 1699 1245 1759 et
1274 1713 1347 1759 cum
1376 1697 1455 1759 iuter

319 1799 437 1862 medius
471 1799 681 1881 correptiones
715 1799 911 1882 profiteatur:
949 1800 1072 1863 iustus
1106 1817 1157 1880 cs,
1192 1799 1352 1880 domine,
1391 1816 1455 1882 ego

319 1921 405 1968 uero
429 1906 465 1967 et
486 1903 646 1986 populus
671 1921 774 1967 meus
802 1903 922 1986 impii,
950 1921 1012 1968 non
1035 1923 1069 1967 se
1091 1921 1110 1967 a
1132 1903 1199 1984 deo,
1227 1904 1281 1967 sed
1305 1921 1324 1967 a
1344 1903 1455 1968 uolun-

317 2011 381 2072 tate
404 2007 529 2090 propria
551 2007 757 2091 deprauatum
780 2009 988 2072 conscientiae
1015 2026 1090 2072 suae
1117 2008 1207 2072 testis
1235 2007 1379 2072 ostendit
1426 2011 1456 2072 et

267 2138 292 2179 sn
317 2115 351 2176 tu
375 2111 467 2175 deum
488 2112 570 2176 circe
585 2112 780 2176 Pharaonem
801 2112 913 2176 durum
934 2113 984 2176 uel
1004 2113 1145 2194 iniquum
1164 2112 1262 2176 fuisse
1281 2112 1454 2195 praesumis

317 2235 469 2298 asserere,
496 2235 589 2298 quem
617 2217 698 2280 circa
725 2235 758 2280 se
786 2217 903 2281 iustum
932 2217 1075 2300 atpium
1103 2217 1169 2300 ipse
1196 2216 1366 2300 sacrilegus
1393 2233 1453 2280 non

315 2321 417 2404 potuit
439 2319 618 2405 abnegare?

358 2425 508 2490 Inmitenr
543 2425 636 2490 deum
667 2426 861 2491 Christianus
894 2445 962 2490 esse
992 2427 1207 2508 conqueritur,
1241 2443 1334 2507 quem
1368 2425 1453 2508 pium

316 2530 411 2594 etiem
441 2531 556 2614 impius
587 2531 772 2596 confitetur?
820 2532 879 2596 hoc
910 2549 983 2614 ergo
1015 2531 1081 2614 agit
1111 2531 1142 2594 in
1173 2529 1354 2596 hominibus
1386 2547 1453 2594 cae·

262 2663 288 2702 sc
314 2634 403 2699 lestis
426 2635 655 2700 misericordiae
679 2636 881 2718 dispensatio,
910 2636 990 2718 quud
1017 2637 1049 2699 in
1077 2635 1167 2698 terris
1194 2635 1318 2718 pluuias
1347 2653 1453 2718 supcr-

315 2735 472 2804 uenientis
500 2740 623 2804 infusio.
661 2739 700 2803 ad
728 2741 843 2823 copiosi
870 2739 980 2803 imbris
1008 2740 1167 2822 inlapsum
1194 2739 1296 2803 cultus
1324 2741 1355 2802 et
1382 2739 1452 2803 edo·

315 2843 411 2908 mitus
434 2862 542 2926 cespes
566 2843 789 2926 multiplicetur
817 2845 994 2926 germinum
1018 2843 1151 2924 fetibus,
1178 2861 1289 2907 uerum
1316 2844 1451 2907 incultus

315 2952 346 3011 et
372 2948 485 3012 crudus
513 2948 675 3012 inutilibus
699 2947 804 3012 herbis
831 2949 970 3030 repletur
994 2952 1025 3012 et
1053 2947 1209 3027 sentibus,
1237 2965 1272 3011 ac
1299 2949 1345 3011 sic
1372 2965 1452 3012 unus

313 3051 458 3134 idemque
486 3051 586 3116 imber
609 3053 685 3115 duas
713 3071 761 3115 res
790 3053 928 3116 diuersas
956 3057 1049 3135 atque
1077 3052 1248 3116 contrarias
1275 3053 1362 3116 iuxta
1388 3053 1451 3116 cul·

262 3181 287 3222 ss
314 3159 402 3220 turae
426 3159 479 3218 ant
502 3156 641 3219 studium
664 3160 810 3238 operatur
833 3161 887 3219 aut
909 3156 1037 3236 uitium,
1070 3157 1151 3220 sicut
1175 3157 1324 3239 legimus:
1353 3160 1453 3220 terra

314 3261 410 3324 enim
434 3277 543 3342 saepe
566 3261 782 3324 uenientem
806 3279 916 3342 super
940 3281 977 3324 se
1000 3261 1132 3324 bibens
1155 3260 1311 3324 imbrem
1338 3264 1374 3324 et
1395 3279 1452 3343 ge-

314 3383 448 3428 nerans
471 3363 623 3428 herbam
648 3368 869 3446 oportunam
893 3365 988 3444 illis,
1016 3363 1190 3446 aquibus
1214 3365 1371 3444 colitur,
1398 3382 1452 3428 ac·

313 3469 407 3551 cipit
436 3467 737 3532 benedictionem
766 3486 785 3532 a
815 3469 888 3532 deo.
939 3469 1134 3552 proferens
1169 3471 1290 3533 autem
1325 3469 1452 3552 spinas

313 3591 355 3638 ac
382 3571 545 3637 tribulos
568 3572 727 3655 reproba
755 3577 811 3636 est
838 3577 874 3637 et
902 3573 1115 3637 maledictio
1138 3573 1319 3656 proxima,
1347 3573 1451 3637 cuius

418 3726 461 3796 12]
480 3725 561 3780 stou.
575 3729 599 3790 a,
612 3729 653 3782 ar.
708 3727 754 3796 as]
773 3727 855 3782 usur.
869 3731 892 3792 c,
906 3731 929 3783 r.

355 3879 367 3931 l
388 3875 505 3928 mitescit
521 3877 629 3944 scripsi,
647 3875 720 3928 mitis
738 3879 765 3928 et
784 3877 817 3944 P,
836 3874 987 3930 mitioribus
1007 3879 1066 3931 eto
1132 3873 1282 3930 recentibus
1300 3893 1316 3930 o
1380 3875 1450 3930 inso-

308 3961 381 4018 liscit
399 3963 427 4017 P
476 3961 638 4016 thebreum
656 3963 684 4017 P
735 3963 841 4018 5abire
859 3965 986 4032 perurget
1004 3967 1031 4016 et
1049 3962 1176 4033 conpellit
1194 3964 1301 4032 scripsi,
1324 3965 1451 4032 perurget

310 4052 337 4103 et
355 4047 428 4103 abire
445 4051 571 4118 perurget
589 4049 715 4118 conpellit
727 4050 760 4118 P,
779 4053 904 4118 perurget
917 4053 943 4103 et
955 4049 1027 4103 abire
1040 4049 1194 4119 conpellitur
1248 4051 1263 4104 'l
1283 4038 1414 4117 deniquae
1424 4049 1451 4103 P

310 4134 617 4192 91sreelitic0somiseo
631 4152 731 4204 queso
785 4139 817 4192 10
829 4137 902 4205 eum]
916 4153 1005 4192 cnmv
1060 4140 1090 4192 15
1103 4136 1280 4190 faraoncmP
1327 4138 1360 4192 18
1373 4135 1449 4190 curr-

311 4247 424 4317 stiauus]
453 4246 590 4303 Christum
618 4268 634 4304 c
705 4247 890 4316 conquaeritur
913 4250 945 4318 P,
974 4249 1144 4317 consequitur
1167 4269 1182 4304 v
1253 4251 1286 4305 19
1309 4216 1348 4302 a'tt
1370 4249 1398 4303 P
1421 4251 1451 4317 (g

308 4351 443 4404 suprascr.
464 4353 535 4390 mon.
553 4335 613 4402 alc.)
682 4339 714 4391 21
739 4335 840 4404 cupiosi
863 4337 891 4389 P
959 4339 993 4391 22
1011 4336 1096 4404 cespis
1116 4336 1144 4390 P
1212 4339 1245 4390 24
1264 4335 1404 4404 idemquae
1423 4335 1450 4388 P

310 4425 404 4489 atquae
423 4421 450 4474 P
501 4423 535 4476 26
553 4437 613 4490 sepe
632 4421 658 4475 P
708 4423 742 4476 29
761 4419 903 4474 maledicto
923 4423 950 4475 P
