3264 5134
300 419 340 483 88
759 415 781 470 I.
800 417 844 470 De
862 416 969 483 gratia

299 597 471 674 damnatur,
494 592 611 657 bonum
633 592 734 656 faeere
757 591 894 674 potuisse
916 591 1116 656 conuincitur.
1149 608 1263 674 magna
1285 593 1334 654 est
1356 608 1429 672 ergo

298 701 345 764 uis
376 699 471 764 animi
493 699 526 762 in
548 703 710 780 utramque
732 699 864 780 partem,
895 695 970 759 dum
1000 699 1032 759 et
1059 715 1150 778 super
1172 694 1335 760 honestate
1359 710 1430 758 con-

299 804 436 868 funditur
459 805 492 868 et
513 821 606 884 super
628 802 826 866 inhonestate
848 799 1056 864 confunditur.
1096 803 1127 864 at
1153 798 1221 863 ideo
1244 799 1355 862 dicitur
1377 817 1430 880 per

298 906 498 992 prophetam:
520 906 723 989 palpebrae
744 906 823 970 eius
843 905 1080 988 interrogant
1099 904 1203 968 filios
1226 903 1429 982 hominum,

259 1041 272 1082 a
299 1013 468 1078 dominus
490 1013 700 1094 interrogat
721 1011 861 1074 iustum
885 1013 919 1073 et
941 1008 1104 1091 impium.
1143 1008 1215 1090 quid
1246 1027 1296 1072 me
1323 1007 1430 1072 iudicis

298 1121 389 1183 natus
405 1117 576 1199 interrogat
595 1115 632 1179 de
654 1119 791 1198 peceato,
815 1115 841 1178 si
864 1131 938 1178 suae
962 1112 1148 1177 delinitionis
1165 1116 1221 1192 est,
1238 1112 1318 1194 quod
1335 1111 1431 1176 delin-

299 1225 379 1305 quo?
402 1221 507 1303 itaque
523 1220 576 1302 qui
590 1219 678 1284 finxit
693 1219 874 1303 singillatim
891 1219 983 1284 corda
997 1217 1170 1298 hominum,
1187 1217 1254 1280 uias
1269 1215 1431 1280 hominum

298 1331 329 1391 et
351 1327 462 1391 merita
484 1325 742 1389 conscientiarum
765 1327 903 1388 secretus
927 1323 1082 1388 discussor
1104 1311 1297 1404 interrogat.¹
1323 1321 1378 1386 sed
1405 1321 1430 1384 si

297 1435 328 1496 te
352 1434 384 1495 et
405 1431 471 1514 ipse
493 1429 652 1509 discuties,
684 1427 710 1492 si
733 1427 855 1511 quando
877 1430 908 1492 in
932 1427 1089 1492 sinistram
1112 1427 1266 1491 declinare
1296 1425 1430 1504 uoluisti,

246 1561 271 1602 ιο
297 1553 401 1599 nonne
423 1533 542 1616 trepida
565 1533 762 1612 conscientia,
794 1549 1009 1615 reposceres,
1040 1531 1222 1595 admonuit?
1264 1547 1367 1593 nonne
1400 1532 1431 1592 ta

297 1639 386 1703 uelut
407 1655 515 1702 censor
538 1637 677 1702 occultus
694 1637 790 1700 tristis
806 1637 952 1720 cogitatio
968 1636 1156 1720 uestigauit?
1180 1653 1216 1699 ac
1232 1635 1275 1698 sio
1291 1635 1430 1698 homines

298 1763 331 1808 se
360 1744 443 1826 ipsos
474 1743 570 1806 latere
600 1759 662 1806 non
694 1746 826 1822 possunt
857 1740 1116 1805 testimonium
1145 1739 1323 1804 reddente
1354 1739 1430 1802 illis

298 1846 528 1912 conscientia
561 1849 597 1910 et
629 1846 728 1910 inter
762 1865 799 1910 se
836 1844 1127 1931 cogitationibus
1166 1843 1431 1908 accusantibus

298 1955 361 2016 ant
384 1951 498 2016 etiam
521 1949 820 2015 defendentibus.

247 2085 272 2125 re
341 2055 427 2120 Inter
456 2055 533 2119 haec
556 2055 583 2118 si
604 2056 752 2136 requiras,
782 2054 836 2118 ubi
867 2055 907 2120 sit
936 2053 1065 2118 libertas
1089 2053 1211 2119 arbitrii
1237 2057 1349 2138 posita,
1380 2056 1432 2120 ubi

299 2161 340 2224 sit
361 2160 507 2223 uoluntas
531 2159 664 2223 hominis
687 2160 866 2240 constituta,
900 2159 960 2241 [et]
985 2159 1038 2223 ubi
1061 2159 1121 2222 nisi
1144 2160 1176 2224 in
1198 2160 1371 2241 intellectu,
1400 2160 1431 2224 in

297 2266 415 2329 ratione
439 2266 532 2345 atque
555 2263 730 2345 sapientia?
761 2281 839 2345 quaa
862 2281 934 2326 cum
957 2263 1002 2327 ita
1024 2263 1097 2344 sint,
1120 2265 1205 2346 prius
1229 2283 1355 2328 neeesse
1377 2264 1432 2329 ha·

296 2368 386 2434 babis
410 2368 528 2432 homini
550 2385 664 2452 negare
687 2368 883 2451 sapientiam,
907 2367 1027 2432 aniene
1050 2368 1213 2448 rationem,
1237 2373 1272 2432 nt
1295 2369 1429 2434 adimere

297 2473 429 2538 liberam
451 2474 557 2537 ualeas
580 2473 784 2537 uoluntatem.
823 2490 917 2554 quam
937 2472 976 2537 ob
996 2491 1064 2536 rem
1087 2473 1113 2536 si
1136 2473 1259 2555 quando
1282 2475 1428 2540 delictum

245 2607 272 2648 io
297 2577 421 2660 aliquod
443 2576 550 2642 anima
571 2577 652 2641 intra
675 2576 868 2640 domicilium
884 2595 975 2640 suum
992 2577 1116 2659 captiua
1131 2577 1312 2660 meditatur,
1336 2579 1432 2644 recla-

298 2685 387 2746 mant
409 2682 436 2746 ei
459 2681 683 2764 cogitationum
707 2685 834 2762 secreta,
858 2681 1045 2746 interdicunt
1068 2681 1095 2745 ei
1122 2683 1307 2748 intrinsecus
1331 2682 1432 2748 officia

298 2803 363 2865 sua,
395 2785 449 2849 sed
478 2785 558 2848 uires
590 2784 745 2850 subtrahit
770 2785 934 2849 resistendi
961 2786 1157 2850 consuetudo
1177 2787 1335 2868 peccandi.
1378 2787 1431 2851 sed

296 2889 431 2953 reuoluis
465 2893 496 2953 at
517 2888 603 2969 dide,
633 2889 714 2970 quod
744 2889 818 2953 mali
842 2892 874 2952 et
896 2889 947 2971 qui
970 2889 1008 2952 ad
1030 2890 1238 2972 perditionem
1265 2890 1431 2955 trahuntur

296 3011 359 3057 non
381 2992 556 3075 acceperint
572 2993 690 3058 arbitrii
705 2993 891 3057 libertatem.
930 2993 1066 3076 primum
1082 2995 1159 3058 scire
1177 2994 1338 3076 debemus,
1362 2996 1432 3078 quia

245 3123 270 3165 ss
296 3097 424 3162 libertas
445 3094 563 3160 arbitrii
579 3097 693 3178 duplici
713 3097 884 3161 ministerio
899 3098 1038 3180 praedita
1053 3102 1111 3180 est,
1134 3117 1217 3164 nunc
1232 3099 1272 3164 ad
1287 3100 1431 3180 salutem,

296 3219 378 3266 nune
402 3201 440 3264 ad
462 3200 669 3283 perditionem
692 3202 739 3264 sui
761 3205 906 3284 prompta
929 3205 984 3265 est.
1025 3202 1079 3266 sed
1101 3201 1241 3286 obponis,
1273 3205 1355 3286 qnod
1377 3222 1431 3268 uo·

295 3305 425 3370 luntatis
454 3303 582 3369 libertas
614 3305 687 3368 solis
719 3309 864 3388 conpetat
895 3305 1062 3370 liberandis
1094 3311 1125 3370 et
1153 3307 1185 3371 in
1208 3308 1430 3391 redemptionis

296 3407 444 3473 beneficio
467 3409 653 3473 constitutis.
690 3427 751 3473 non
781 3409 826 3473 ita
856 3413 912 3473 est.
947 3410 1088 3474 liberatio
1112 3410 1151 3474 ad
1174 3411 1289 3475 donum
1313 3413 1430 3495 gratiae

297 3517 329 3578 et
359 3513 398 3576 ad
426 3513 619 3596 propositum
650 3513 872 3578 consentientis
902 3515 1036 3597 pertinet
1065 3514 1164 3594 uitae,
1198 3515 1327 3581 libertas
1358 3535 1431 3581 uero

245 3645 271 3685 co
297 3617 415 3682 arbitrii
430 3635 493 3682 nou
509 3620 557 3680 est
571 3636 621 3681 res
638 3617 813 3682 accedentis
830 3617 1069 3698 munificentiae,
1093 3619 1148 3682 sed
1164 3623 1303 3684 naturae.
1338 3639 1431 3702 quae-

297 3720 438 3786 rentibus
469 3721 523 3784 illa
553 3721 602 3784 uel
632 3720 779 3785 tribuitur
808 3722 859 3785 uel
882 3727 1093 3804 concarnatur,
1124 3724 1218 3788 etiam
1246 3742 1308 3789 non
1330 3725 1431 3807 requi·

398 3911 427 3980 4]
446 3910 490 3966 Ps.
505 3913 544 3976 10,
559 3915 582 3967 5.
638 3910 681 3980 12]
701 3911 816 3976 noma,
832 3915 871 3970 15.

338 4076 568 4178 2¹utramquaeP
619 4076 814 4132 honestatemo
865 4076 1021 4134 fundatore
1073 4079 1210 4148 ritequae
1224 4080 1251 4135 P
1301 4079 1433 4184 flnfxitP

296 4188 444 4257 singilatim
462 4189 490 4242 P
558 4189 737 4245 demeritas
808 4192 839 4245 10
858 4205 906 4243 nec
924 4191 952 4245 P
1018 4192 1135 4260 peccaris
1157 4193 1185 4246 P
1253 4195 1384 4250 ammonit
1406 4195 1433 4249 P

296 4277 329 4331 16
352 4278 379 4329 et
400 4275 478 4330 uuam
499 4276 600 4331 inclusi
672 4279 703 4332 l'l
727 4279 822 4344 atquae
846 4277 873 4330 P
940 4279 974 4332 23
996 4278 1108 4332 trahunt
1131 4279 1158 4334 P
1226 4283 1259 4335 26
1281 4285 1388 4349 promta
1407 4283 1434 4335 P

294 4363 327 4418 27
346 4361 405 4416 solii
423 4363 451 4417 P
500 4361 644 4416 liberandis
663 4367 830 4433 competatc
886 4366 919 4420 30
937 4363 1081 4419 accidentis
1100 4368 1128 4420 P
1178 4367 1210 4422 31
1230 4365 1338 4423 illamo
