3244 5130
321 459 383 524 172
755 457 805 512 111.
824 457 976 527 Epistula
994 459 1017 512 3.

320 653 353 698 se
374 635 441 717 ipse
461 635 547 698 dicit:
571 635 740 718 paenitet
763 653 817 699 me
840 635 977 698 iecisse
1000 635 1195 698 hominem.
1230 633 1315 697 etde
1331 650 1451 697 surnmu

319 740 396 804 caeli
412 739 485 804 sede
501 740 693 822 pronuntiat:
717 737 840 818 Saule,
863 737 988 818 Saule,
1012 738 1098 821 qnid
1119 757 1174 802 me
1193 737 1452 820 persequeris?

319 863 393 909 narn
425 847 456 908 et
486 843 693 926 conpatientis
724 843 885 908 ostendere
916 842 1039 908 uidetur·
1070 842 1234 921 affectum,
1264 859 1336 905 curn
1367 840 1452 905 dicit:

320 949 461 1014 esuriui
485 956 521 1012 et
542 948 700 1012 dedistis
723 947 812 1012 mihi
838 947 1076 1028 manducare,
1107 946 1211 1011 sitiui
1234 949 1271 1010 et
1293 945 1452 1010 dedistis

280 1081 293 1120 s
321 1054 412 1120 mihi
434 1053 566 1118 bibere
582 1053 748 1135 etreliqua
763 1052 952 1134 huiusmodi,
975 1069 1053 1134 quae
1070 1051 1239 1117 memoriae
1261 1049 1453 1116 abundanter

320 1161 493 1223 occurrunt.

363 1261 522 1343 Quomodo
553 1280 636 1346 ergo,
669 1263 695 1326 si
725 1263 889 1344 quisquam
921 1262 1064 1326 sacerdos
1087 1260 1253 1344 multiplici
1266 1260 1452 1344 ,linguarum

320 1368 448 1432 soient-ia
469 1367 627 1450 praeditus
650 1370 681 1430 et
704 1365 735 1431 in
759 1366 861 1430 medio
885 1366 1079 1430 diuersarum
1099 1366 1242 1450 gentium
1265 1365 1452 1430 constitutus

319 1472 498 1536 Hebraeum
522 1470 677 1552 Hebraeo,
700 1470 854 1536 Graecum
878 1469 1008 1552 Graeco,
1027 1471 1213 1544 ¹Romanurn
1236 1469 1377 1534 Rommo
1407 1469 1453 1533 in·

269 1602 293 1642 ro
320 1580 494 1641 structurus
524 1576 666 1658 adloquio
697 1576 868 1640 secundum
904 1577 1097 1659 singulorum
1131 1574 1326 1639 intellectum
1359 1572 1453 1638 uerba

320 1682 492 1746 conformet
518 1685 550 1744 et
577 1681 663 1744 iuxta
686 1680 930 1762 uniuscuiusque
953 1698 1080 1744 sensum
1103 1680 1164 1744 oris
1187 1679 1235 1743 sui
1258 1682 1381 1761 coaptet
1401 1677 1453 1742 ad-

319 1787 456 1868 loquium
481 1787 513 1849 et
534 1785 668 1849 dissonis
691 1785 784 1849 unius
807 1785 906 1850 cordis
930 1788 962 1850 et
985 1784 1185 1868 [peccatoris]
1208 1783 1343 1866 pectoris
1363 1801 1452 1846 uoces

319 1892 350 1954 in
374 1890 476 1954 uarios
499 1890 658 1972 dispenset
680 1889 814 1970 auditus,
838 1889 883 1953 ita
905 1892 937 1953 et
960 1889 1036 1953 deus
1059 1907 1130 1952 oum
1154 1887 1278 1952 homine
1294 1888 1452 1951 locuturus

321 1995 482 2058 adsumere
506 1994 653 2077 dignatur
675 1994 811 2058 hominis
834 1993 974 2077 linguam
990 1993 1123 2057 formam
1141 1993 1236 2057 etiam
1253 1995 1451 2074 suscepturus

270 2124 294 2162 ss
320 2101 491 2164 humanam
514 2117 569 2180 per·
592 2099 808 2163 intellectuum
832 2101 1009 2163 nostrorum
1033 2116 1125 2162 sonos
1148 2097 1377 2162 ordinationum
1400 2115 1452 2160 no-

321 2209 455 2268 strarum
479 2206 672 2267 contestatur
695 2203 834 2267 allectus
880 2221 953 2267 narn
978 2202 1052 2266 dum
1081 2203 1217 2284 quinquo
1246 2201 1451 2266 humanorum

320 2325 470 2372 sensuum
505 2307 607 2371 oliicia
637 2307 814 2372 describens
845 2308 890 2371 ita
922 2307 1007 2371 dicit:
1042 2306 1139 2370 oculi
1173 2305 1313 2370 domini
1345 2323 1451 2388 super

319 2413 439 2476 iustos
464 2415 500 2476 et
522 2431 629 2476 aures
653 2411 732 2476 eius
756 2411 799 2476 ad
821 2431 951 2494 preces
975 2429 1115 2491 eorum,
1139 2410 1315 2474 etiterum:
1339 2427 1378 2473 os
1398 2409 1452 2472 do·

320 2517 410 2582 mini
433 2517 597 2582 locutum
622 2519 692 2596 est,
715 2517 806 2580 item:
831 2520 866 2580 et
888 2516 1064 2580 odoratus
1088 2519 1146 2578 cst
1166 2514 1314 2579 odorem
1335 2512 1453 2576 suaui-

267 2647 294 2686 ιο
320 2623 426 2702 tatis,
457 2625 501 2686 et:
533 2639 664 2686 siranus
695 2639 775 2684 mea
801 2621 893 2685 fecit
915 2621 1005 2684 haec
1028 2619 1158 2684 omnia.
1202 2618 1344 2682 caelum
1368 2617 1452 2681 mihi

319 2727 475 2792 thronus
507 2731 577 2806 est,
608 2729 708 2790 terra
739 2728 861 2789 autem
886 2725 1093 2788 scabellum
1116 2723 1248 2806 pedum
1276 2739 1451 2799 meorum,

320 2830 463 2895 cordibus
494 2831 607 2896 nostris
639 2829 823 2894 efficientias
853 2829 991 2894 insinuat
1020 2846 1123 2892 rerum
1148 2827 1206 2891 sub
1230 2825 1452 2910 significatione

321 2935 543 3016 membrorum,
574 2935 655 3000 unde
687 2951 742 3018 pro
773 2933 923 2998 ineffabili
954 2934 1020 2997 eius
1052 2934 1133 2996 circa
1159 2931 1333 2996 humanum
1356 2948 1452 3014 genus

321 3040 508 3122 dignatione,
539 3059 626 3122 quae
649 3057 756 3104 seruos
786 3039 903 3102 amicos
935 3056 971 3102 ac
1002 3037 1082 3101 filios
1112 3037 1273 3102 nominare
1302 3033 1361 3119 (et)
1383 3052 1452 3099 con-

269 3165 295 3205 ss
321 3145 437 3226 pellere
468 3163 529 3209 non
560 3144 699 3227 despicit,
730 3147 766 3208 ut
796 3144 888 3208 homo
921 3161 992 3206 oum
1023 3141 1131 3206 codem
1158 3139 1296 3211 uicissim
1318 3139 1453 3203 humano

322 3266 374 3312 ore
397 3252 428 3314 et
451 3268 536 3314 more
559 3248 765 3330 conloquitur.

426 3403 452 3474 l]
472 3404 537 3460 Gen.
551 3407 574 3468 6,
588 3407 612 3460 7.
660 3403 688 3473 2]
707 3403 841 3466 letae
889 3401 918 3472 4]
938 3401 1033 3455 lllatth.
1046 3403 1087 3465 25,
1100 3401 1141 3456 35.
1191 3399 1234 3470 17]
1248 3397 1347 3453 Psalm.
1360 3401 1401 3462 33,
1416 3401 1453 3454 16.

316 3491 366 3560 18]
385 3492 454 3546 Esai.
470 3495 492 3556 i,
506 3496 547 3548 20.
602 3491 645 3560 19]
666 3490 730 3546 Gen.
744 3493 769 3555 8,
782 3493 822 3546 21.
876 3489 922 3558 20]
941 3489 1009 3543 Esai.
1024 3491 1094 3552 66,2
1113 3491 1140 3541 et
1160 3490 1181 3542 l.

367 3632 544 3700 ipenitetS
593 3633 742 3700 3fortassc
759 3631 814 3684 iam
831 3631 1001 3686 scabendum
1058 3627 1280 3697 eonpacientisS
1331 3625 1454 3680 affectum

322 3717 469 3774 uideturo
539 3717 753 3787 8preditusS
821 3715 958 3772 ilhebrsri
981 3715 1126 3771 hebreos
1192 3729 1304 3783 gregium
1331 3729 1412 3782 grego
1436 3713 1457 3768 S

323 3809 352 3861 11
368 3805 516 3859 conformet
527 3805 679 3872 Hortela'uc,
695 3801 835 3858 confirmet
849 3805 872 3860 S
924 3807 955 3859 12
969 3802 1082 3857 dissonis
1100 3803 1143 3868 (=
1159 3801 1198 3866 iis,
1216 3801 1262 3870 qui
1281 3799 1385 3854 diuerso
1404 3817 1455 3854 ser-

322 3909 399 3946 rnone
418 3893 542 3959 utuntur)
561 3894 589 3958 S,
609 3891 728 3945 dissonas
740 3892 884 3946 Hortcliuc
902 3897 926 3945 et
938 3892 1092 3946 Krasclrius
1145 3893 1172 3942 et
1189 3887 1346 3958 peccatoris]
1366 3903 1456 3956 expec-

322 3983 428 4034 tatuso
480 3979 624 4048 peccatoris
650 3979 729 4034 oncis
755 3979 855 4034 inuoluat
876 3979 1004 4034 suadente
1026 3977 1161 4044 Homolio,
1187 3977 1282 4031 retinet
1304 3977 1457 4031 Kataonia

322 4068 379 4122 coll.
393 4067 503 4122 Romal·
514 4083 553 4136 ep.
568 4067 588 4120 Ι
596 4071 611 4120 1
625 4065 652 4118 iu
665 4069 769 4135 pectore
781 4065 925 4134 peccatoris
973 4067 1006 4120 13
1017 4063 1210 4131 loquaturusS
1260 4065 1291 4118 ll
1303 4062 1459 4118 hominess

324 4156 356 4208 15
374 4152 538 4206 intellectum
559 4157 713 4207 nostrumo
766 4154 889 4208 sonusS
940 4154 972 4208 16
990 4153 1137 4204 testaturo
1191 4152 1222 4205 17
1240 4148 1363 4204 alutias
1414 4148 1457 4202 de·

323 4238 440 4296 scribens
458 4258 480 4308 o,
499 4238 660 4296 discribesS
712 4241 742 4295 21
758 4237 934 4294 scabillurnS
984 4239 1018 4293 23
1036 4239 1092 4307 pb*
1143 4235 1306 4292 efficiabiliu
1356 4238 1390 4292 24
1409 4251 1457 4304 que

325 4329 353 4396 S,
372 4347 453 4385 omo
523 4327 658 4381 nominare
681 4329 730 4382 del.
750 4327 902 4382 Kruscbias
924 4327 1054 4381 coartante
1071 4325 1237 4380 Mommscno
1307 4325 1334 4376 ct
1355 4323 1418 4378 add.
1436 4341 1459 4393 o,

324 4417 411 4476 crab*
462 4413 650 4486 aonpaneas
702 4417 735 4472 25
754 4413 903 4486 dispicitS
953 4415 984 4466 ut
1001 4430 1024 4480 o,
1043 4411 1112 4470 eto
1161 4412 1195 4468 26
1213 4409 1402 4468 conlocutuso
