3222 5144
637 472 702 527 1111.
722 472 831 528 Sermo
851 475 890 530 11.
1269 475 1332 540 265

192 648 298 712 animo
332 648 516 732 cogitantes,
550 652 702 730 quantum
736 649 908 732 possimus,
942 668 1014 714 oum
1048 650 1146 732 ipsius
1180 651 1332 715 adiutorio

191 751 352 818 beneficiis
387 753 452 818 eius
486 754 587 818 uicem
621 754 789 836 rependere
823 755 1018 822 festinemus.
1069 774 1131 820 uon
1165 755 1332 820 reddamus

191 857 278 922 mela
292 875 347 941 pro
362 857 463 938 bonis,
487 859 552 938 sed,
575 861 728 939 quantum
743 859 911 941 possimus,
935 859 1090 924 uoluntati
1106 859 1189 924 illius
1212 858 1333 924 obtem-

190 980 301 1046 perure
323 962 396 1027 totis
412 961 532 1027 uiribus
555 963 727 1054 innitentes
745 963 926 1028 studeamus
950 963 1094 1044 fideliter,
1117 967 1153 1028 ut
1167 967 1334 1046 praecepta

191 1065 277 1130 illius
305 1067 404 1150 magis
428 1065 518 1132 nobis
541 1067 666 1150 pariant
693 1067 731 1130 de
755 1068 947 1150 sequacitate
970 1068 1153 1149 remedium,
1177 1086 1272 1151 quarn
1294 1069 1332 1134 de
1373 1097 1385 1136 e

190 1171 442 1256 transgressione
465 1171 624 1236 iudicium.

236 1274 319 1340 Nam
354 1276 429 1358 quid
462 1275 628 1358 iaciemus,
667 1277 780 1341 fratres
813 1277 979 1357 carissimi,
1015 1277 1047 1341 in
1077 1277 1131 1342 illo
1166 1277 1333 1343 metuendo

190 1380 298 1444 iudicii
336 1381 399 1462 dic,
444 1399 515 1446 cum
554 1384 707 1446 tremente
745 1382 861 1446 mundo
899 1382 1043 1446 dominus
1080 1381 1332 1465 praecinentibus

189 1485 375 1569 augelorum
405 1485 544 1550 buccinis
574 1486 606 1550 in
636 1486 689 1550 illo
720 1486 891 1550 maiestatis
922 1505 997 1550 suae
1024 1486 1137 1551 throno
1160 1486 1333 1550 circumda-

187 1595 243 1654 tus
273 1590 416 1655 caelestis
447 1591 576 1654 mditiae
606 1591 675 1654 luce
720 1591 895 1655 consederit
924 1591 1029 1672 ibique
1060 1590 1098 1654 dc
1128 1593 1231 1654 terrae
1263 1609 1333 1674 gre·
1360 1617 1385 1657 ro

187 1694 254 1759 mio
283 1698 315 1758 et
336 1695 464 1776 antiquo
493 1695 622 1777 puluere
646 1695 831 1760 suscitatum
850 1695 1036 1759 numanum
1066 1713 1165 1778 genus
1189 1694 1333 1759 adstante

188 1799 372 1864 testimonio
388 1801 427 1864 ad
450 1799 655 1865 conscientias
673 1800 868 1884 singulorum
891 1799 1000 1882 positis
1016 1799 1047 1863 in
1071 1802 1240 1882 conspectu
1263 1817 1335 1884 pcc·

188 1907 332 1968 catorum
354 1905 464 1986 poenis
491 1905 708 1986 iustorumque
735 1903 881 1987 praemiis
909 1904 1062 1968 rationem
1089 1903 1174 1968 uitae
1197 1904 1335 1987 eoeperit

188 2009 351 2092 postulare
374 2013 406 2074 et
432 2009 503 2092 plus
532 2009 594 2074 iam
618 2008 720 2073 iustus
743 2025 839 2090 quam
861 1994 1036 2072 misericors
1060 2009 1229 2072 seueriore
1251 2008 1334 2073 iudi·

188 2113 237 2177 cis
260 2116 458 2196 contemptae
480 2113 710 2204 misericordiae
736 2131 805 2177 reos
828 2113 965 2195 coeperit
988 2129 1133 2177 accusare
1162 2116 1194 2177 et
1216 2113 1333 2178 dicere:
1362 2141 1387 2180 rs

191 2235 251 2300 ego
279 2221 310 2281 te
337 2217 431 2282 homo
455 2217 569 2282 elimo
597 2216 742 2282 manibus
766 2219 844 2281 meis
871 2217 941 2297 feei,
969 2235 1026 2302 ego
1053 2217 1185 2282 terrenis
1212 2217 1333 2283 artibus

187 2321 335 2405 spiritum
362 2321 472 2402 infudi,
501 2340 558 2406 ego
584 2321 640 2386 tibi
669 2321 840 2405 imaginem
867 2325 1007 2386 nostram
1035 2321 1333 2404 similitudinemque

187 2427 330 2491 conterre
353 2425 499 2511 dignatus
522 2445 604 2506 sum,
628 2444 684 2510 ego
708 2429 739 2490 te
760 2427 842 2490 inter
864 2427 1000 2510 paradisi
1023 2425 1150 2490 delicias
1173 2427 1332 2490 collocari.

187 2535 224 2594 tu
239 2530 350 2595 nitelis
361 2529 510 2595 mandata
524 2533 728 2596 contemnens
745 2530 941 2612 deceptorem
959 2531 1047 2612 sequi
1059 2547 1153 2613 quam
1169 2529 1332 2595 dominum

188 2635 340 2700 maluisti.
390 2635 445 2700 sed
477 2635 605 2718 antiqua
632 2639 801 2719 praetereo.
842 2639 945 2700 motus
974 2639 1083 2718 postea
1113 2635 1333 2716 misericordia,
1360 2663 1386 2703 so

189 2757 264 2804 cunr
288 2740 435 2824 expulsus
458 2740 496 2804 de
519 2739 664 2823 paradiso
687 2741 753 2804 iure
780 2741 900 2823 peceati
923 2741 1032 2805 mortis
1055 2740 1189 2804 uinculis
1213 2743 1335 2804 tenere-

188 2845 243 2924 ris,
265 2845 452 2928 uirginalem
475 2847 600 2910 uterum
623 2845 690 2909 sine
713 2845 873 2928 dispendio
888 2845 1078 2929 uirginitatis
1100 2843 1267 2928 pariendus
1287 2845 1335 2909 in·

188 2950 292 3014 troiui.
330 2950 362 3012 in
385 2931 546 3032 praesepio
567 2949 724 3033 expositus
748 2954 779 3014 ct
800 2949 914 3033 pannis
929 2948 1097 3014 obuolutas
1120 2949 1210 3030 iacui,
1233 2949 1335 3013 infan-

190 3055 252 3118 tiae
268 3054 474 3118 contumelias
488 3055 705 3136 humanosque
721 3054 853 3134 dolores,
877 3053 990 3136 quibus
1006 3053 1062 3119 tibi
1083 3053 1193 3118 similis
1215 3051 1334 3134 fierem,

189 3159 312 3224 adhoc
335 3159 463 3240 scilicet,
486 3163 574 3224 utic
598 3159 677 3226 milri
700 3159 835 3224 similem
859 3160 1005 3240 lacerem,
1029 3159 1096 3224 tuli.
1132 3159 1333 3223 inridentium
1360 3183 1386 3222 as

188 3263 313 3348 palmas
336 3269 367 3328 et
389 3267 483 3348 sputa
505 3265 639 3348 suscepi,
662 3269 787 3330 acetum
811 3283 881 3330 oum
905 3265 978 3329 felle
1000 3264 1074 3329 bibi.
1109 3262 1239 3348 flagellis
1264 3281 1332 3328 cae·

233 3505 424 3576 2repleudere
443 3508 473 3562 D
536 3511 753 3577 3opteruperara
772 3509 801 3562 D
861 3507 1023 3562 dinitantes
1042 3507 1071 3562 D
1135 3506 1284 3560 studiamus
1304 3507 1333 3561 D

190 3622 338 3688 5pareunt
356 3621 386 3674 D
447 3587 642 3689 ee''qualoitate
661 3622 691 3676 D
749 3619 828 3676 rille
847 3620 877 3675 D
929 3618 1046 3677 8iudici
1066 3621 1095 3674 D
1148 3619 1284 3674 tremende
1303 3621 1333 3675 D

190 3705 362 3776 peinanobus
380 3709 410 3762 D
470 3707 609 3763 9bucinis
628 3709 658 3763 D
712 3709 744 3764 12
761 3707 916 3762 testimonio
936 3707 1111 3761 conscientiae
1129 3709 1201 3776 Aac.
1272 3723 1332 3776 poe·

189 3793 249 3848 sitis
272 3793 302 3850 D
374 3797 406 3850 13
427 3794 497 3864 pinis
519 3795 549 3850 D
618 3795 734 3864 coeperit
755 3797 836 3866 Aup,
860 3795 947 3864 caepit
969 3795 998 3850 D
1069 3796 1101 3849 15
1124 3796 1276 3863 contempte
1303 3794 1333 3849 D

190 3881 308 3950 caeperit
326 3882 355 3936 D
416 3897 552 3936 accussare
571 3882 600 3936 D
667 3885 699 3939 16
717 3881 797 3954 elimo
816 3884 845 3937 D
910 3879 1022 3950 aditibus
1040 3881 1069 3936 D
1090 3881 1192 3948 (mata
1213 3882 1245 3936 in
1266 3883 1333 3949 rus.)

192 3970 223 4024 17
246 3965 354 4022 infundi
377 3970 407 4024 D
473 3971 595 4072 ¹nostrum
614 3971 694 4040 nup,
712 3971 747 4024 na
769 3971 799 4024 D
870 3971 902 4026 18
921 3967 1023 4022 dilicias
1046 3969 1076 4022 D
1146 3969 1177 4022 19
1195 3971 1332 4038 contemp·

191 4097 256 4136 nens
274 4083 304 4136 D
373 4083 407 4138 20
430 4081 548 4136 maluisti
571 4082 601 4136 D
668 4083 755 4152 pterio
778 4085 808 4138 D
881 4084 912 4138 21
939 4079 1333 4151 unemnsnop,oeneris1)

190 4169 225 4222 23
251 4168 385 4238 expositus
411 4171 491 4239 dap,
518 4172 545 4223 et
572 4169 673 4239 positus
696 4169 726 4224 D
794 4171 829 4224 24
851 4167 1021 4222 contumilias
1045 4168 1075 4222 D
1144 4170 1177 4223 25
1201 4169 1228 4222 te
1251 4170 1333 4238 Aup,

191 4257 221 4308 tn
248 4255 278 4310 D
347 4257 382 4312 26
410 4255 507 4326 suscipi
534 4258 564 4312 D
633 4255 748 4328 alostum
774 4257 804 4310 D
869 4262 933 4325 post
960 4254 1022 4308 lello
1048 4256 1080 4309 in
1106 4256 1136 4309 D
1161 4271 1262 4310 rocoa
1288 4271 1332 4310 err·

191 4351 252 4413 mul,
280 4347 311 4400 ia
332 4361 387 4416 posu
413 4345 497 4400 unctu
522 4345 566 4402 uei
592 4343 681 4399 tincti
706 4345 792 4414 fuisse
817 4343 927 4400 uidetur
1004 4357 1093 4396 cessus
1111 4341 1129 4410 111
1150 4341 1180 4397 D
1205 4343 1274 4409 (erut
1300 4357 1332 4413 pr

194 4431 224 4489 in
240 4433 306 4504 ras.)
