3320 5140
663 416 906 486 Prolegomeua.
1230 418 1348 474 XXXIII

258 589 410 654 Faustum
440 593 509 654 ortu
537 591 725 656 Britannum
755 592 852 656 fuisse
883 611 919 656 ex
949 593 1014 656 eius
1045 592 1190 675 operibus
1218 594 1347 658 minime

215 693 392 775 comeaeris,
423 714 481 759 nec
510 699 617 760 tamen
648 697 801 762 sermome
832 697 931 777 latim,
960 701 997 761 ut
1026 698 1072 761 ita
1101 698 1213 778 dicam,
1244 699 1348 782 gallici

214 799 348 882 uestigia
377 799 436 863 uisi
466 818 591 882 perraro
621 801 652 865 iu
683 802 727 864 eis
757 802 947 884 inuestigare
977 802 1154 885 legentibus
1186 803 1346 885 contingit.

213 904 418 986 proprietates
442 907 524 968 enim
549 905 620 968 illae
644 904 766 968 dicendi
787 905 994 988 plurimorum
1017 905 1214 988 scriptorum,
1242 907 1294 987 qui
1316 907 1348 970 in

213 1005 317 1070 Gallia
347 1008 471 1072 saeculo
501 1008 609 1090 quinto
639 1009 792 1090 aixerunt,
823 1009 911 1073 uelut
940 1027 998 1074 uox
1028 1007 1189 1072 mediante
1218 1027 1348 1092 praepo·

213 1110 335 1174 sitiouis
370 1111 438 1175 uice
471 1116 621 1195 usurpata
650 1113 767 1196 (italice
796 1111 968 1190 mediante,
1001 1113 1113 1196 gallim
1145 1122 1347 1198 mapeaaam,

212 1214 389 1296 germanice
412 1212 558 1298 mittola),
588 1213 665 1276 iude
686 1214 785 1277 ietiac
808 1215 882 1277 hirec
905 1215 1029 1299 (gallice
1056 1215 1107 1302 aa)
1130 1217 1198 1280 loco
1225 1217 1347 1298 phrasis

214 1316 251 1379 de
274 1340 322 1396 aa,
349 1317 424 1396 ieta,
453 1318 512 1381 bac
534 1340 569 1381 rc
592 1319 742 1401 adhibita,
765 1319 815 1382 ila
837 1319 1016 1404 quodcum
1039 1321 1206 1385 indicatiuo
1230 1322 1347 1384 dictum

212 1441 268 1504 pra
298 1421 346 1484 ita
376 1421 453 1507 (sic)
482 1431 519 1486 at
547 1427 578 1488 et
605 1424 730 1504 similia,
761 1424 877 1489 trustra
906 1425 988 1508 apud
1015 1425 1165 1489 Faustum
1195 1425 1347 1507 requiras

213 1527 293 1608 quod
317 1527 406 1591 facile
430 1529 608 1611 explicatur,
637 1529 663 1592 si
678 1533 871 1611 ¹reputamus
895 1547 1071 1594 sermonem
1094 1529 1250 1612 puriorem
1278 1529 1348 1592 lati·

213 1649 289 1694 num
319 1632 501 1716 scriptorem
530 1637 673 1697 nostrum
701 1633 883 1697 addidicisse
911 1633 942 1697 iu
974 1633 1086 1698 scholis
1113 1634 1346 1714 monachorum,

212 1735 324 1798 nonin
345 1735 507 1818 palaestris
526 1737 695 1816 rhetorum,
717 1755 794 1818 quas
814 1737 875 1801 illis
895 1737 1087 1819 temporibus
1108 1737 1182 1801 satis
1203 1737 1348 1818 frequen-

213 1841 295 1902 tatas
325 1839 422 1904 fuisse
452 1839 576 1922 Sidonii,
607 1841 754 1905 Mamerti
785 1840 962 1922 Claudiani,
993 1841 1124 1906 Enuodii
1154 1841 1346 1922 aliarumque

212 1941 356 2024 operibus
383 1945 584 2029 intellegilm.
623 1945 678 2008 sed
708 1945 745 2008 de
775 1944 835 2009 hac
865 1965 898 2008 re
928 1945 1027 2010 fusius
1058 1945 1287 2028 disputauimus
1315 1946 1346 2009 iu

212 2045 332 2128 libello,
366 2045 651 2134 Ualereucbuuqau
680 2047 759 2112 tiber
790 2047 843 2110 die
874 2045 1019 2135 Spracbc
1049 2047 1103 2110 des
1136 2045 1346 2112 Claudianus

212 2148 403 2228 Mamertus,
427 2151 629 2217 Uindobonae
655 2151 747 2234 1885,
770 2173 799 2236 p.
824 2151 863 2216 13
883 2171 949 2236 sqq.
996 2153 1058 2217 iam
1086 2153 1111 2216 si
1135 2153 1344 2217 addiderimus

212 2253 362 2320 Faustum
386 2275 419 2320 se
443 2257 545 2339 ipsum
569 2257 750 2338 saepissime
774 2256 946 2322 exscribere
966 2257 1106 2340 singulas
1126 2275 1230 2338 uoces,
1253 2256 1346 2340 phra-

211 2377 272 2439 seS,
284 2360 306 2442 ¹)
328 2361 534 2444 senteutias²)
557 2361 756 2426 adamantem
777 2363 848 2444 plus
865 2362 963 2426 semel
978 2362 1137 2444 repetitas,
1160 2362 1346 2444 grauissima

210 2481 351 2544 quaeque
367 2463 405 2528 de
426 2464 532 2529 Fausti
556 2465 676 2529 dicendi
698 2485 812 2549 genere
833 2466 975 2530 attulisse
996 2465 1085 2529 nobis
1106 2465 1256 2529 uidemur.
1288 2483 1345 2528 nec

210 2571 316 2632 tamen
346 2568 447 2632 facere
477 2585 617 2651 possum,
648 2570 721 2652 quin
750 2569 873 2634 urasmi
900 2569 1098 2634 Roterodami
1129 2569 1276 2632 iudicium
1307 2569 1345 2632 de

210 2671 318 2736 Fausti
338 2671 493 2737 scribendi
513 2677 579 2738 arte
599 2673 739 2756 afferam,
762 2675 814 2756 qui
835 2674 866 2737 in
885 2674 1077 2756 praefatione
1098 2673 1240 2736 editionis
1260 2673 1345 2755 prin-

209 2777 287 2860 cipis
317 2777 467 2842 librorum
497 2779 535 2842 de
564 2779 676 2863 gratia,
707 2797 801 2860 quam
829 2779 950 2842 curauit
976 2778 1118 2842 Basileae
1148 2775 1241 2858 1528,
1269 2777 1345 2843 haec

210 2880 299 2945 dicit:
330 2881 366 2942 ia
393 2879 470 2944 etilo
489 2880 600 2966 facilc
627 2903 774 2968 aquosam
797 2881 950 2966 phrasim
976 2879 1140 2968 pullicum.
1187 2890 1232 2944 eat
1262 2881 1345 2943 caim

200 2981 348 3068 floridae
378 3007 417 3047 aa
446 3007 635 3048 numerosus
666 2996 695 3049 et
721 2985 886 3049 iucuudus
913 2985 1016 3072 maqie
1042 3005 1139 3070 quam
1165 2985 1346 3047 ucbmaeas:

209 3086 335 3172 qualem
358 3088 507 3152 uidemus
531 3089 702 3153 dictionem
724 3088 888 3154 Eucharii
915 3099 944 3152 et
967 3087 1123 3174 Sulpicii,
1150 3111 1225 3152 mam
1251 3088 1344 3151 Hila-

210 3177 519 3257 rimamarum
541 3203 586 3257 est
609 3217 664 3256 uec
682 3193 823 3280 periodo
847 3193 1026 3257 dilucidus.
1062 3193 1113 3256 bic
1131 3192 1273 3255 Faustus
1298 3191 1344 3255 di-

210 3295 356 3360 lucidior
367 3296 516 3375 Hilario,
527 3296 711 3383 simplicior
722 3297 900 3376 Euchario,
912 3298 1059 3361 seuerior
1071 3295 1219 3382 Sulpicio
1231 3296 1345 3360 stilum

209 3399 363 3464 adhibuit
389 3401 435 3464 acl
458 3401 632 3465 dorcadum
655 3403 871 3488 aptissimam,
894 3402 1117 3487 perspicuam,
1146 3401 1344 3478 distinctum,

210 3502 337 3568 breuem
358 3527 414 3568 aec
436 3505 606 3570 imuauem
630 3515 743 3568 tamea.
779 3529 817 3570 ecc
839 3507 960 3569 ueteris
983 3506 1162 3569 testamenti
1185 3505 1292 3580 libris,
1315 3505 1345 3568 ei

208 3631 274 3693 qua
296 3609 385 3686 citat,
409 3609 546 3674 adducit
569 3611 666 3673 iurata
690 3609 906 3697 Septaapiuta
929 3609 1187 3687 translationem,
1209 3632 1248 3672 ue
1271 3609 1344 3694 quis

209 3711 288 3776 ilico
311 3713 412 3776 radat
433 3713 644 3802 scripturam.

255 3995 274 4060 ¹)
291 3992 349 4046 lam
372 3991 476 4062 pridem
500 3992 550 4046 utri
575 3992 647 4046 docti
669 3991 795 4046 uiderunt
816 3992 925 4061 phrases
942 4011 998 4048 aaa
1016 3993 1056 4048 ila
1073 3999 1119 4060 est,
1141 3993 1188 4048 sed
1206 3994 1284 4062 dicis,
1305 4011 1343 4048 se-

207 4082 302 4151 quitur
319 4087 343 4134 a
361 4080 428 4136 dicii
447 4083 474 4133 et
491 4080 590 4134 similia
608 4079 706 4134 Fausto
724 4080 871 4148 peculiares
890 4096 952 4133 esse.

253 4167 274 4236 ²)
292 4165 416 4236 Singulas
429 4167 574 4220 sententias
587 4167 683 4220 iterum
697 4169 775 4235 atque
788 4167 884 4220 iterum
904 4183 920 4219 a
938 4167 1036 4220 Fausto
1054 4166 1188 4220 adhibitas
1207 4184 1236 4220 ex
1249 4167 1344 4221 studiis

207 4253 308 4308 noetus
327 4255 359 4308 de
378 4253 469 4308 Fausti
487 4255 593 4323 scriptis
611 4271 636 4324 p.
650 4257 683 4310 85
697 4271 752 4322 sqq.
771 4258 798 4308 et
816 4271 840 4324 p.
855 4257 888 4309 66
900 4271 956 4322 sqq.
975 4270 1125 4322 cognosces.

261 4453 316 4497 111.
329 4453 400 4495 quat.
1174 4462 1190 4495 c
