3264 5134
628 482 724 538 Liber
740 483 754 538 1
774 485 882 540 16-17.
1286 485 1328 551 53

187 658 280 738 ditur,
308 659 335 722 si
358 676 431 723 nero
454 659 601 742 indignis,
625 677 817 742 consequens
845 663 902 740 est,
925 665 961 724 ιιι
984 662 1079 725 etiam
1101 661 1240 743 reprobis
1266 680 1327 727 non

187 765 318 847 negetur
338 766 369 828 et
392 763 528 828 euidenti
551 763 749 829 miseratione
771 763 895 830 bonitas
919 765 968 829 dei
991 765 1158 830 indiscrete
1181 769 1214 830 et
1235 765 1327 832 iustis

187 869 218 930 et
240 866 456 950 peccatoribus
480 867 636 932 offeratur.

229 968 290 1036 Sed
325 971 366 1052 ie,
400 989 494 1053 quern
528 972 679 1056 perspicis
713 973 945 1054 adtrahentem,
979 974 1108 1056 requirit
1141 974 1327 1038 omnimodis

186 1079 353 1159 praecepta
372 1079 561 1157 seruantem,
585 1079 621 1140 ut
639 1095 694 1159 per
714 1077 871 1158 quandam
892 1078 1061 1142 uoluntatis
1086 1079 1229 1144 ansulam
1253 1097 1327 1144 oon·
1369 1105 1382 1145 s

185 1179 335 1262 prehendi
359 1183 390 1243 et
412 1179 535 1244 adtrahi
558 1181 672 1260 ualeat,
704 1181 756 1263 qui
783 1185 921 1246 uocatur.
967 1167 1104 1263 quodsi
1135 1201 1206 1246 enm
1235 1186 1328 1266 putas

186 1283 350 1348 adtrahere
373 1285 526 1365 nolentes,
551 1285 679 1350 caelesti
701 1285 839 1350 iustitiae
859 1285 1032 1368 iniqnitatis
1052 1286 1173 1369 pondus
1193 1287 1326 1370 inponis.

185 1389 239 1452 sed
263 1389 290 1452 si
314 1388 473 1452 inuenitur
495 1388 657 1452 adtrahere
681 1390 834 1470 nolentes,
858 1391 1098 1474 quantomagis
1122 1392 1327 1475 conplectitur

185 1492 412 1557 desiderantes!
455 1493 657 1574 nemetiam,
681 1495 733 1576 qui
757 1494 825 1559 sine
847 1494 953 1558 labore
977 1495 1100 1560 uidetur
1124 1495 1256 1577 adtrahi,
1281 1496 1327 1560 la·

185 1597 350 1662 boratnrns
373 1599 431 1676 eat,
458 1599 494 1661 nt
515 1597 677 1662 inhaereat
699 1597 887 1663 adtrahenti.
934 1600 1043 1681 quanti
1066 1600 1149 1664 enim
1173 1603 1328 1665 uenemnt
1355 1628 1380 1668 ro
1476 1629 1478 1635 ·

185 1705 217 1765 et
238 1705 443 1781 recessemnt,
467 1702 540 1782 quia
561 1702 694 1766 adtracti
717 1703 749 1766 in
771 1703 874 1786 gratia
895 1719 1095 1787 perseuerare
1119 1703 1327 1770 desideratore

184 1811 315 1870 nocente
339 1807 515 1886 noluerunt,
539 1807 621 1871 sieut
643 1807 676 1871 in
699 1807 860 1890 euangelio
883 1807 1034 1890 scriptum
1058 1813 1121 1874 est:
1152 1809 1262 1874 multi
1287 1829 1327 1874 en

185 1910 382 1994 discipulis
414 1911 493 1974 eins
524 1910 720 1975 audientes
750 1910 926 1976 abierunt
956 1917 1162 1978 retrorsum
1193 1917 1228 1978 et
1255 1914 1327 1978 iam

185 2032 266 2079 cnm
289 2015 356 2078 illo
379 2031 449 2080 non
473 2015 731 2098 ambulabant,
759 2017 851 2082 item:
879 2016 975 2080 dixit
1002 2021 1124 2082 autem
1148 2017 1255 2082 lesus
1283 2018 1326 2082 ad

185 2119 389 2186 duodecim:
419 2120 596 2202 numquid
623 2124 659 2184 ct
685 2137 750 2184 uos
777 2121 896 2186 uultis
923 2121 1047 2186 abire?
1074 2121 1269 2206 respondit
1295 2123 1327 2187 ei
1355 2151 1380 2192 n

184 2223 331 2288 Petrus:
356 2223 516 2306 domine,
537 2224 580 2289 ad
596 2242 704 2306 quem
724 2225 884 2290 ibimus?
905 2225 1019 2290 uerba
1033 2227 1135 2290 uitae
1152 2230 1326 2292 aeternae

184 2327 299 2392 hahes
322 2332 359 2392 et
377 2345 442 2392 nos
463 2327 645 2394 credimus
666 2332 702 2393 et
721 2331 979 2414 cognonimus,
1000 2331 1085 2413 quia
1106 2333 1144 2396 tu
1165 2349 1202 2395 es
1224 2330 1327 2396 Chri-

185 2435 263 2497 stus
294 2431 400 2498 iilius
431 2433 498 2498 dei.
543 2434 575 2498 in
602 2434 741 2516 utrisque
764 2433 865 2499 libera
886 2435 945 2500 fnit
967 2435 1113 2500 uoluntas
1143 2439 1174 2500 ct
1196 2436 1227 2500 in
1254 2435 1326 2516 illis,

184 2541 218 2602 nt
236 2539 361 2622 ingrata
381 2541 486 2602 mente
506 2537 711 2618 discederent,
735 2543 766 2602 et
785 2540 817 2604 in
840 2539 918 2621 istis,
942 2545 978 2606 nt
997 2559 1069 2604 oum
1090 2539 1234 2604 libertate
1254 2539 1325 2604 fidei
1346 2519 1349 2528 ’

185 2645 414 2726 permanerent.
1349 2671 1376 2712 ao

704 2818 803 2882 XVII.

185 2958 304 3002 CONTRA
322 2959 394 3020 Hoc,
414 2959 499 3010 QUOD
516 2961 641 3020 DICUNT,
662 2961 737 3010 Quin
754 2963 808 3002 Dldl
825 2963 993 3004 UlOLENTlA
1009 2963 1146 3005 renuam
1169 2963 1322 3021 Bouiania,
1418 2957 1421 2962 ’

466 3049 508 3090 NB
530 3048 646 3090 naman
669 3048 795 3090 dannan
819 3050 862 3090 ΔΙ)
886 3049 1040 3092 SALUTEM.

225 3163 258 3230 Si
284 3167 367 3247 ipse,
395 3169 430 3229 ιιι
455 3164 667 3248 blasphemas,
698 3165 845 3247 obdurat,
876 3167 1030 3249 quomodo
1058 3169 1102 3231 ait
1127 3169 1160 3232 in
1186 3169 1323 3252 psalmo:

183 3267 291 3332 hodie
315 3269 347 3332 si
370 3287 497 3334 nocem
520 3270 600 3334 eins
624 3271 838 3352 audieritis,
866 3272 984 3336 nolite
1007 3272 1190 3337 obdurare
1213 3273 1324 3337 corda
1350 3301 1376 3340 es

184 3377 324 3452 nestra,
355 3373 540 3438 etiterum:
572 3375 772 3440 secundum
801 3377 977 3440 duritiam
1009 3381 1132 3441 autem
1160 3381 1262 3441 tuam
1290 3381 1325 3441 et

182 3477 424 3561 inpoenitens
448 3495 509 3542 oor
528 3479 764 3544 thesaurizas
788 3480 857 3544 tibi
879 3481 971 3544 iram
995 3481 1032 3545 in
1053 3481 1110 3545 die
1133 3482 1223 3561 irae,
1246 3482 1322 3545 item

182 3581 214 3646 in
241 3581 416 3646 Hieremia:
448 3583 674 3665 percussisti
705 3603 766 3650 eos
797 3589 834 3648 et
862 3602 933 3650 non
965 3585 1179 3666 doluerunt,
1212 3585 1323 3650 adtri-

183 3687 273 3752 uisti
296 3705 357 3752 eos
381 3690 418 3752 et
440 3692 671 3753 rennuerunt
695 3691 863 3773 accipere
887 3690 1136 3774 disciplinam.
1177 3691 1323 3756 indura-

182 3795 317 3855 nerunt
339 3791 454 3856 iacies
478 3810 564 3856 suas
588 3810 697 3876 super
719 3797 862 3876 petram
887 3797 923 3857 et
945 3795 1147 3860 noluerunt
1169 3796 1320 3860 reuerti.
1349 3823 1375 3862 eo

286 3987 434 4058 12110ann.
448 3992 473 4054 6,
487 3993 527 4044 67.
585 3990 731 4060 14110ann.
746 3995 769 4054 6,
783 3993 823 4048 68.
878 3992 923 4061 25]
938 3991 1035 4046 Psalnr.
1047 3995 1088 4056 al,
1102 3996 1125 4049 8,
1181 3993 1226 4064 26]
1239 3993 1318 4049 Rom.

181 4077 205 4142 2,
218 4079 241 4131 5.
296 4075 342 4146 28]
361 4075 455 4131 leram.
470 4079 494 4142 5,
507 4079 530 4134 3.

223 4257 452 4326 bcoupraehendi
467 4259 493 4312 P
547 4261 578 4314 10
592 4259 751 4315 inhereatP
804 4265 833 4316 ll
855 4251 1003 4314 desiderare
1018 4263 1045 4316 P
1098 4265 1130 4319 18
1148 4263 1282 4331 utrisquae
1296 4265 1323 4318 P

181 4342 354 4398 minoraret
372 4344 400 4399 P
468 4345 513 4414 24]
537 4345 718 4416 blasphemas]
741 4347 912 4416 blasphemus
935 4347 1034 4406 uultu
1104 4351 1137 4406 28
1159 4349 1323 4406 atrinistiP

180 4429 214 4484 30
232 4445 345 4500 enprav
404 4429 546 4488 noluereo
