3222 5144
321 475 385 540 272
765 474 830 529 ΠΠ.
850 475 959 530 Sermo
980 478 1019 532 12.

320 650 390 714 tris
418 650 505 730 mei,
535 651 718 734 pereipite
745 669 913 734 regnum,
944 650 1038 733 quod
1066 651 1173 716 uobis
1203 655 1374 734 paratum
1402 657 1458 716 est

320 753 364 818 eb
388 754 531 838 origine
555 755 691 818 mundi.

362 859 441 922 Eoos
468 859 594 940 qualem
620 858 847 924 beatitudinem
877 859 1054 942 perditurus
1084 861 1152 940 erit,
1179 861 1233 942 qni
1259 859 1320 945 <se>
1348 879 1457 925 secun·

320 962 394 1026 dum
425 963 605 1046 paenitendi
635 967 759 1046 tempus
787 963 952 1027 emendare
983 964 1127 1044 noluerit,
1157 965 1210 1046 qui
1240 983 1273 1028 se
1301 965 1339 1028 de
1367 965 1458 1028 robus

280 1097 294 1138 ⁶
320 1067 395 1146 suis,
418 1067 492 1131 dum
516 1072 590 1132 sunt
613 1085 698 1148 suae,
726 1085 788 1132 uon
810 1066 986 1148 redemerit,
1009 1068 1062 1149 qui
1084 1067 1314 1134 medicamenta
1335 1071 1367 1133 in
1391 1070 1458 1133 unl-

321 1169 447 1234 neribus
470 1175 596 1236 uertens
619 1171 769 1235 auaritiae
793 1171 843 1235 uel
866 1172 1003 1236 luxuriae
1026 1172 1161 1236 infelioie
1183 1173 1264 1237 oolla
1277 1172 1456 1238 subdiderit.

319 1293 376 1340 nos
404 1293 489 1356 uero,
515 1275 638 1356 fratres,
666 1276 723 1340 deo
747 1275 913 1340 auxiliante
936 1275 1140 1360 dedignemur
1168 1277 1283 1342 seruire
1311 1279 1456 1360 peeoatis,

320 1378 432 1462 quibus
459 1383 548 1444 tenta
570 1379 731 1446 beatitudo
758 1383 961 1464 praeparetur
990 1381 1022 1444 in
1046 1382 1140 1446 eaelo.
1186 1381 1262 1445 dum
1285 1400 1359 1466 ergo
1386 1383 1458 1446 lieet

319 1484 409 1548 nobis
426 1489 457 1548 et
479 1485 512 1549 in
534 1487 689 1568 potestate
709 1488 816 1550 nostra
831 1489 889 1566 est,
912 1503 1097 1567 respuamus
1120 1485 1201 1550 falsu
1216 1491 1249 1550 et
1269 1487 1457 1566 transitoria,

269 1623 293 1660 ro
320 1592 355 1652 ut
382 1607 428 1668 oa,
457 1606 536 1671 quae
565 1607 639 1654 nere
669 1589 751 1654 bonu
778 1594 862 1669 sunt,
892 1589 1030 1672 recipere
1057 1607 1242 1654 mereamur.
1289 1608 1458 1655 uaeuemnr

317 1693 415 1774 uitiis,
442 1693 619 1778 repleamur
642 1693 822 1774 uirtutibus,
846 1695 919 1776 quia
941 1712 1033 1759 nemo
1060 1697 1164 1778 potest
1186 1693 1269 1759 bona
1291 1695 1456 1778 suscipere,

319 1798 402 1862 eise
429 1798 562 1862 amalis
589 1799 726 1863 noluerit
746 1797 888 1862 liberere.
934 1815 1011 1863 uasa
1033 1798 1116 1862 enim
1143 1798 1217 1862 limo
1243 1799 1339 1882 plena
1360 1800 1457 1881 liquo·

319 1919 385 1965 rem
415 1901 561 1967 elementi
591 1903 660 1985 puri
688 1903 825 1986 recipere
854 1906 885 1966 et
911 1903 1042 1967 oondere
1072 1919 1134 1966 non
1163 1906 1297 1984 possunt
1326 1907 1359 1967 et
1385 1921 1457 1987 ager

320 2005 464 2088 spinosus
485 2007 544 2070 nisi
566 2007 660 2070 fuerit
683 2007 854 2072 nultoribus
876 2007 1031 2072 industria
1053 2007 1213 2090 stirpatus,
1241 2025 1303 2072 non
1327 2005 1457 2072 nutribit

269 2145 293 2184 re
320 2111 442 2174 semina
464 2111 586 2192 inieoto,
617 2111 672 2176 sed
699 2110 840 2191 suffocat,
871 2111 943 2193 quia
973 2111 1207 2194 scriptumest:
1241 2112 1337 2192 quod
1359 2111 1457 2175 beni-

318 2233 413 2298 gnus
428 2215 590 2298 spiritus
606 2219 760 2280 sanetus
776 2233 846 2280 non
862 2214 1052 2280 habitabit
1075 2217 1110 2280 in
1134 2233 1284 2299 eorpore
1308 2215 1457 2280 subdito

319 2320 493 2402 peooatis.
540 2319 615 2384 dum
637 2320 669 2384 in
692 2320 750 2384 boo
773 2321 888 2384 mundo
912 2319 1000 2384 uelut
1021 2320 1055 2384 in
1076 2319 1246 2402 proeelloso
1269 2320 1381 2404 pelago
1403 2337 1459 2384 na·

319 2424 474 2506 nigamus,
503 2429 539 2488 ut
564 2424 604 2488 ed
630 2425 764 2508 patriam
791 2424 926 2508 paradisi
953 2425 1116 2508 peruenire
1138 2425 1306 2507 possimus,
1330 2424 1458 2488 festine·

320 2547 390 2592 mus
413 2528 561 2592 uitiorum
584 2528 744 2592 erheunro
768 2529 933 2610 sentinam,
957 2532 992 2592 ut
1015 2528 1121 2592 anima
1143 2531 1251 2593 nostra
1273 2527 1363 2596 bonis
1385 2547 1457 2611 ope·

266 2667 293 2706 ro
319 2632 404 2696 ribus
427 2637 538 2698 orneta
563 2634 651 2697 uelut
677 2634 766 2697 nouis
790 2633 984 2698 diuersarum
1008 2633 1109 2715 [oum]
1134 2633 1284 2697 moreium
1311 2634 1405 2716 plena
1426 2635 1456 2696 in

319 2741 445 2819 portum
468 2741 611 2802 aeternae
638 2736 840 2802 beatitudinis
864 2755 1010 2802 aneorum
1037 2736 1132 2821 figere
1160 2741 1191 2801 et
1214 2737 1253 2801 ed
1275 2739 1457 2822 angelorum

320 2841 509 2906 consortium
539 2859 715 2906 mereamur
742 2842 915 2925 peruenire,
942 2841 996 2906 ubi
1024 2840 1063 2906 ab
1091 2841 1198 2908 auditu
1225 2841 1308 2906 mulo
1335 2841 1456 2906 literati

319 2945 407 3010 illam
429 2946 553 3011 felicem
574 2951 605 3012 et
627 2947 864 3012 desiderandam
879 2964 989 3011 uooem
1013 2963 1188 3010 mereamur
1203 2945 1324 3010 andire:
1349 2965 1456 3030 euge,

320 3069 427 3115 senne
449 3050 543 3115 bone
567 3055 602 3116 et
624 3051 769 3132 fidelia,
797 3052 883 3134 quia
905 3068 1017 3136 supra
1043 3067 1160 3133 pauoo
1182 3050 1309 3114 fidelis
1332 3050 1456 3129 fuisti,

268 3188 294 3228 ,ὁ
320 3173 433 3237 supra
455 3155 574 3220 multo
595 3159 630 3219 te
653 3156 890 3221 constituam.
936 3156 1035 3219 intra
1062 3153 1296 3239 ingaudium
1319 3154 1458 3219 domini

425 3335 468 3406 15]
487 3335 547 3405 sap.
561 3339 584 3400 1,
596 3337 621 3390 4.
680 3335 725 3406 oe]
744 3335 839 3390 netto.
852 3339 894 3401 es,
907 3339 948 3392 21.

363 3501 505 3570 2origen‘e
522 3503 550 3556 A
620 3499 726 3570 mundi]
750 3499 865 3555 donanto
887 3500 945 3570 ipso
967 3501 1014 3569 qui
1031 3500 1145 3554 uiuit&
1168 3500 1234 3570 regri
1255 3501 1283 3554 in
1305 3501 1347 3554 eol
1371 3501 1458 3554 eeoulr

320 3587 362 3644 erin
386 3589 447 3642 finit
468 3589 532 3644 add.
554 3589 590 3657 A,
618 3587 732 3642 donante
759 3588 816 3657 ipso
844 3589 886 3642 oui
913 3591 953 3642 est
978 3587 1063 3641 honor
1085 3589 1119 3642 ou
1140 3590 1216 3658 patre
1241 3587 1264 3641 dt
1286 3589 1336 3657 spir
1360 3585 1403 3642 a“o'o
1430 3587 1457 3640 in

320 3678 377 3730 sole
395 3677 467 3730 solor
484 3673 529 3729 e'rir
547 3676 574 3730 B
635 3676 652 3730 3
671 3692 739 3746 puae
755 3683 904 3746 raptantur
920 3691 1004 3746 aspre
1021 3675 1058 3730 ad
1074 3677 1155 3742 finem
1171 3676 1228 3731 eolo
1246 3675 1336 3730 codiee
1354 3676 1384 3730 D
1402 3681 1456 3730 tra-

320 3765 424 3820 duntur
475 3761 782 3867 dpaonli'tendieoripai,
799 3763 974 3833 penitendiD
1026 3763 1172 3831 seoddidt,
1190 3780 1241 3818 oou
1254 3764 1284 3817 D
1336 3760 1457 3818 5sueD

320 3875 454 3948 bluxorip
473 3878 503 3931 D
556 3841 717 3933 lo''s'unt1>
769 3893 914 3930 uoouemur
930 3877 1038 3946 seipsi,
1055 3877 1242 3931 uaouemurD
1296 3879 1325 3932 ll
1346 3875 1410 3929 uitis
1427 3875 1457 3928 D

321 3965 353 4019 12
372 3979 450 4018 nessa
468 3964 498 4018 D
563 3965 595 4020 13
614 3963 734 4035 alimenti
753 3965 783 4019 D
845 3963 924 4032 puri,ll
943 3964 972 4018 D
989 3965 1058 4030 (erat
1076 3979 1103 4016 re
1121 3965 1153 4018 in
1169 3964 1236 4030 roo.)
1304 3965 1409 4016 oontme
1427 3961 1457 4015 D

322 4051 354 4106 14
376 4049 491 4104 nutribit
512 4051 620 4120 scripsi,
644 4050 777 4105 nutriauit
793 4051 823 4105 D
894 4053 926 4106 15
949 4050 1051 4104 semina
1069 4049 1165 4104 iniecta
1181 4051 1288 4120 scripsi,
1311 4049 1339 4103 in
1357 4048 1457 4102 semina

320 4135 389 4190 ieote
407 4138 437 4191 D
502 4137 534 4192 16
551 4135 686 4192 habitauit
703 4139 744 4192 D¹
816 4139 847 4194 17
866 4135 946 4190 uelud
965 4138 994 4192 D
1063 4136 1156 4207 pelago
1173 4138 1280 4207 serapti,
1298 4135 1409 4206 opylago
1427 4135 1456 4190 D

321 4227 353 4279 19
371 4223 508 4277 exhaurire
525 4227 632 4295 sculpsi,
651 4223 775 4280 exaudire
793 4225 823 4280 D
879 4227 970 4278 nostra
986 4225 1093 4294 scr-ipsi,
1112 4240 1173 4278 nom
1191 4225 1222 4279 D
1278 4225 1312 4278 20
1331 4221 1409 4277 uelud
1427 4223 1456 4276 D

320 4353 381 4390 oum
398 4339 477 4394 anob
494 4340 594 4394 inclusi
655 4341 687 4395 21
708 4341 797 4393 eterne
816 4338 846 4392 D
907 4337 1067 4392 anchoram
1086 4339 1116 4392 D
1176 4303 1238 4390 fi¹ere
1257 4337 1286 4390 D
1347 4337 1380 4391 22
1397 4351 1454 4404 per·

320 4424 596 4478 uenire-mereamur
613 4426 677 4480 add.
690 4427 722 4480 in
740 4443 823 4495 ortorp.
837 4443 898 4494 sup.
911 4427 951 4480 D²
