3222 5144
617 515 680 570 IIII.
701 515 810 570 Sermo
830 520 869 572 19.
1247 516 1309 580 299

173 697 220 757 cst
244 693 327 772 dare,
351 693 449 777 possit
472 695 566 757 etiam
591 711 662 756 eum
686 697 844 756 mortuum
868 694 1030 772 suscitare,
1055 697 1086 756 θῖ
1109 693 1177 756 ideo
1199 713 1308 757 uerum

172 799 249 878 dico,
273 799 365 879 quod,
389 817 460 862 cum
484 798 727 878 adorauerimuS,
750 801 944 860 reuertemur
968 798 1006 860 ad
1031 817 1095 862 uos.

215 903 303 984 Quod
327 907 433 968 autem
456 904 537 967 aries
560 903 680 968 occisus
704 907 752 967 est
775 907 806 966 et
822 903 910 966 Isaac
931 921 991 966 non
1016 903 1136 966 occisus
1161 905 1218 982 est,
1241 903 1309 968 idco

172 1011 290 1074 factum
319 1013 375 1088 est,
404 1009 485 1092 quod
508 1008 596 1072 Isaac
620 1008 719 1091 ligura
742 1013 772 1072 et
795 1026 856 1071 non
881 1008 995 1072 ueritas
1020 1011 1096 1086 erat,
1125 1011 1156 1071 et
1182 1007 1214 1070 in
1242 1008 1308 1089 Ipso

171 1133 245 1198 ergo
275 1115 474 1196 designatum
502 1117 559 1194 est,
587 1113 668 1195 quod
696 1117 805 1195 postea
831 1113 863 1176 iu
891 1112 1015 1176 Christo
1043 1113 1222 1194 conpletum
1251 1116 1307 1176 est.
1349 1143 1361 1180 s

170 1221 274 1283 uidete
308 1219 469 1283 domiuum
504 1237 619 1302 magna
652 1237 723 1282 cum
758 1218 936 1281 hominibus
970 1218 1084 1300 pietate
1124 1221 1307 1281 certantem.

169 1323 332 1388 Abraham
355 1324 520 1388 mortalem
543 1322 641 1387 filium
666 1340 726 1386 non
751 1323 937 1387 mortturum
961 1323 1074 1387 obtulit
1098 1323 1154 1386 deo
1178 1326 1209 1386 et
1232 1322 1308 1384 deus

170 1429 370 1493 inmortalem
394 1428 493 1492 filium
517 1448 572 1510 pro
592 1428 772 1492 homiuibus
792 1428 919 1491 tradidit
940 1429 1039 1492 morti.
1078 1431 1183 1510 potest
1202 1431 1308 1490 tameu

170 1533 207 1596 de
230 1533 322 1597 beato
346 1533 435 1597 Isaac
458 1537 489 1596 et
512 1533 550 1596 de
571 1533 622 1596 illo
643 1533 739 1596 ariete
760 1533 853 1596 etiam
874 1533 918 1595 sic
938 1533 1087 1615 intellegi,
1111 1537 1146 1595 ut
1165 1533 1196 1595 in
1216 1531 1308 1596 beato

169 1637 258 1702 Isaac
286 1637 461 1721 significata
484 1638 525 1701 alt
547 1637 703 1716 diuinitas,
730 1638 761 1700 in
786 1638 881 1701 ariete
909 1638 1087 1700 huniamtas
1112 1637 1238 1702 Christi.
1278 1639 1309 1699 et
1337 1667 1360 1705 ro

168 1743 250 1826 quod
275 1743 306 1807 in
329 1743 474 1826 passione
497 1760 559 1806 non
582 1741 740 1822 diatritam,
763 1741 831 1807 (scd
849 1728 1048 1826 hammites>
1074 1741 1219 1804 crucifixa
1241 1759 1307 1804 cre-

169 1849 270 1928 datur,
301 1847 369 1912 ideo
398 1866 459 1911 non
490 1847 589 1928 Isaac,
620 1847 673 1910 sed
704 1847 783 1910 aries
814 1847 1002 1910 immolatur.
1042 1847 1091 1909 dei
1123 1846 1206 1910 enim
1237 1845 1306 1910 uni-

167 1953 293 2037 genitus
316 1953 446 2016 offertur
469 1955 499 2015 ct
522 1951 651 2035 uirginis
676 1951 901 2034 primogenitus
923 1951 1114 2016 immolatur.

211 2056 326 2121 Audite
350 2057 433 2121 aliud
458 2060 700 2136 sacramentum,
724 2057 836 2120 iratres
860 2056 1024 2120 carissimi.
1063 2056 1173 2120 beatus
1196 2056 1306 2119 Hiero·

167 2181 281 2245 nymus
305 2161 466 2244 presbyter
490 2155 614 2244 scripsit
641 2161 679 2224 ab
709 2161 843 2242 antiquis
868 2165 899 2224 et
926 2161 1099 2224 senioribus
1122 2161 1245 2224 ludaeis
1273 2179 1306 2224 se
1334 2189 1358 2230 rs

167 2269 341 2332 certissime
372 2267 548 2350 agnouisse,
580 2267 660 2348 quod
692 2267 733 2330 ibi
764 2266 887 2330 oblatus
918 2267 958 2330 sit
989 2267 1086 2346 Isaac,
1118 2265 1170 2329 ubi
1199 2271 1307 2348 postea

168 2372 311 2438 Christus
332 2372 496 2435 crucifixus
519 2375 574 2435 est.
600 2371 746 2453 <denique
768 2372 805 2434 alr
828 2390 863 2434 eo
879 2373 956 2452 loco,
979 2371 1061 2435 unde
1077 2371 1188 2434 beatus
1204 2369 1306 2433 Abra-

166 2477 241 2540 ham
271 2477 374 2540 iussus
406 2481 454 2540 est
481 2477 644 2560 proticisci,
675 2477 765 2539 tertio
793 2476 841 2538 die
870 2476 908 2539 ad
935 2477 1049 2556 locum,
1081 2475 1133 2539 ubi
1161 2473 1305 2539 Christus

166 2581 331 2645 crucifixus
355 2581 424 2664 est),
449 2581 638 2664 peruenitur.
678 2583 772 2644 etiam
796 2585 828 2644 et
850 2581 908 2644 hoc
932 2582 1130 2662 antiquorum
1153 2579 1304 2643 relatione

165 2687 307 2766 refertur,
331 2687 413 2768 quod
438 2690 469 2749 et
491 2686 592 2749 Adam
616 2686 736 2768 primus
760 2687 853 2750 homo
876 2687 943 2768 ipso
966 2687 1043 2766 loco,
1074 2685 1127 2748 ubi
1150 2703 1223 2748 crus
1245 2684 1305 2748 fisa
1331 2711 1357 2750 20

166 2795 224 2871 est,
255 2791 350 2854 suerit
379 2791 543 2872 aliquando
575 2792 715 2874 sepultus
744 2795 773 2854 et
806 2791 873 2854 ideo
904 2791 1058 2854 caluariae
1087 2791 1172 2854 loeus
1203 2789 1304 2852 dictus

165 2899 223 2974 est,
248 2895 321 2978 quia
343 2895 479 2977 primurn
503 2899 596 2977 caput
618 2895 747 2958 humaui
771 2895 893 2977 generis
917 2895 958 2957 toi
982 2895 1093 2958 dicitur
1116 2913 1184 2957 esse
1201 2893 1305 2976 sepul·

165 3005 242 3064 tum.
281 3003 312 3063 et
333 3019 416 3079 uere,
441 3001 562 3080 fratres,
587 3019 646 3064 non
669 3001 835 3082 incongrue
852 3001 996 3080 ereditur,
1021 3001 1102 3082 quod
1123 2999 1166 3063 ibi
1183 3003 1304 3063 erectus

165 3105 205 3168 sit
228 3103 376 3184 medicus,
402 3103 451 3166 ubi
475 3103 594 3168 iacebat
618 3109 773 3186 aegrotus.
813 3109 843 3168 et
864 3105 991 3187 dignum
1013 3109 1089 3185 erat,
1113 3109 1157 3185 ut,
1180 3103 1232 3167 uui
1254 3121 1304 3166 oc·

165 3209 282 3273 eiderat
304 3208 443 3272 humana
466 3207 619 3290 superbie,
651 3209 692 3272 ibi
717 3229 749 3272 se
773 3209 938 3273 inclinaret
966 3209 1072 3273 ‹liuina
1095 3209 1304 3273 misericordie
1330 3235 1355 3274 25

166 3317 195 3376 et
226 3313 352 3396 sanguis
380 3313 431 3376 ille
460 3313 614 3395 pretiosus
643 3315 736 3376 etlam
765 3313 964 3397 corporaliter
991 3315 1153 3398 puluerem
1182 3315 1303 3396 antiqui

165 3417 344 3500 peccatoris,
373 3417 447 3480 dum
476 3417 622 3500 dignatur
651 3418 795 3483 stillando
824 3419 1013 3502 contingere,
1041 3420 1209 3483 redemisse
1238 3437 1303 3483 cre-

166 3521 264 3585 datur.
290 3521 367 3584 haec
391 3521 484 3601 enim,
508 3521 620 3586 fratres
644 3523 806 3604 carissimi,
835 3525 1004 3588 secundnm
1029 3524 1111 3606 quod
1133 3525 1302 3607 potuimus

166 3625 201 3688 de
225 3625 353 3690 diuersis
377 3626 600 3709 seripturarum
624 3627 837 3691 uoluminibus
861 3647 916 3712 pro
940 3629 1062 3693 animae
1086 3633 1209 3692 uestrae
1231 3647 1303 3711 pro-

166 3729 245 3794 iectu
269 3729 453 3813 collegimus
477 3733 508 3792 et
531 3731 668 3795 caritatis
693 3733 954 3815 contemplat-ione
983 3735 1207 3817 suggessimus,
1245 3751 1301 3798 uos
1329 3758 1355 3798 so

268 3884 311 3953 11]
331 3883 480 3952 Ηίθθοη.(’ῖ)
500 3901 595 3938 ccrnru.
609 3885 636 3938 in
655 3886 735 3942 llere.
752 3891 791 3943 15.

205 4041 435 4096 IreuertimurD
488 4045 504 4096 3
517 4041 570 4094 isac
585 4043 612 4096 1)
628 4045 751 4098 errrnibue
770 4045 836 4100 Iocis
888 4045 939 4114 est]
953 4047 980 4098 et
993 4045 1046 4098 isac
1058 4047 1121 4100 edd.
1137 4047 1165 4101 l)
1217 4047 1301 4102 lfao-

165 4134 205 4178 tus
226 4129 253 4182 I)
310 4129 446 4197 et-ergo]
466 4129 493 4182 in
513 4130 569 4198 ipso
588 4129 658 4184 enim
679 4133 749 4200 dap.
815 4135 845 4187 11
866 4131 911 4185 sed
930 4131 1083 4186 humanitas
1103 4137 1183 4204 alep,
1202 4155 1244 4191 erre
1273 4138 1302 4191 I)

164 4213 367 4284 eredituratup.
422 4217 454 4270 13
473 4215 639 4272 ollereturI)
695 4221 724 4272 ll
744 4217 811 4271 aliut
829 4219 858 4272 Ι)
911 4219 1074 4274 iheronimus
1094 4223 1122 4275 l)
1176 4225 1207 4278 17
1227 4223 1300 4277 deni-

164 4301 386 4368 que-crucifixus
406 4308 446 4354 est
464 4305 544 4372 Aup,
563 4323 613 4358 oua
635 4305 662 4358 1)
725 4309 756 4360 19
775 4309 801 4358 θῖ
820 4324 870 4361 orn.
884 4309 954 4376 Aug.
1015 4307 1141 4362 relatione
1160 4313 1241 4380 Aac,
1260 4327 1300 4364 re-

164 4387 291 4442 uelatione
306 4389 334 4442 1)
386 4389 420 4444 20
438 4389 471 4442 ad
491 4389 612 4444 adurni)
664 4393 1074 4464 cruxfixa,·1ep.,creeiflxal›
1125 4399 1159 4453 22
1173 4397 1257 4468 capud
1273 4399 1300 4454 1)

163 4475 194 4530 27
212 4475 384 4544 continguere
403 4477 431 4532 1)
485 4476 621 4532 redimisse
642 4479 670 4532 1)
