3264 5134
484 737 712 816 CAPITULA
739 739 872 814 LIBRI
902 739 1050 815 PRIMI.

278 1107 300 1164 Ι.
325 1105 448 1165 Omnino
472 1105 604 1180 spiritum
632 1089 763 1164 sanctum
791 1108 887 1180 aperte
910 1107 943 1164 de
967 1105 1059 1181 capiis
1082 1106 1156 1176 fidei,
1188 1107 1215 1164 id
1238 1109 1283 1164 est
1305 1108 1338 1164 de

323 1211 449 1286 symholo
472 1210 705 1286 intellegendum.

260 1316 297 1374 11.
322 1315 400 1385 Quod
431 1333 489 1374 uon
512 1315 543 1372 in
567 1314 714 1374 ecclesiam
738 1315 813 1373 siout
836 1315 867 1373 in
891 1315 1023 1389 spiritum
1047 1318 1188 1386 sanctum,
1220 1317 1267 1373 sed
1292 1333 1339 1373 re-

321 1422 397 1478 mota
420 1420 451 1478 iu
473 1420 683 1495 praepositione
699 1420 847 1479 ecclesiam
863 1419 1031 1478 catholicam
1047 1421 1159 1478 credere
1174 1421 1335 1478 debeamus.
1376 1447 1389 1484 e

245 1525 297 1584 ΠΙ.
322 1525 466 1584 Christum
479 1542 495 1583 a
507 1525 610 1600 spiritu
623 1527 723 1584 sancto
739 1527 836 1599 utpote
849 1526 899 1582 deo
912 1541 970 1583 non
982 1525 1123 1600 genitum,
1139 1525 1188 1582 sed
1200 1527 1335 1584 creatum.

230 1629 296 1688 IIII.
321 1630 363 1688 De
387 1629 496 1688 nuttute
518 1629 693 1689 testimoniis
716 1629 874 1688 adserenda
896 1628 1080 1703 propheticis,

262 1734 296 1794 V.
320 1735 363 1793 De
385 1735 516 1794 trinitate
538 1737 584 1794 uel
608 1734 748 1794 liberales
764 1734 850 1792 etiam
866 1733 1035 1809 disciplinas
1051 1735 1085 1792 de
1099 1734 1192 1792 trihus
1208 1734 1337 1794 sensisse

320 1839 463 1914 personis,

246 1943 295 2003 VI.
318 1943 393 2002 Dum
413 1943 500 2003 iacies
520 1945 611 2020 patris
634 1943 711 2003 fliius
735 1944 848 2014 dicitur,
871 1943 947 2018 patri
971 1959 1133 2016 aequaeuus
1157 1943 1333 2019 agnoscitur.
1365 1967 1388 2006 ro

232 2048 296 2108 VII.
320 2048 457 2123 Spiritum
479 2049 571 2123 patris
594 2049 688 2124 ipsum
711 2065 774 2108 esse
797 2047 931 2123 spirihum
956 2049 1096 2107 sanctum.

219 2153 296 2212 VIII.
321 2153 364 2212 De
386 2153 475 2230 digito
499 2153 552 2212 dei.

205 2257 298 2318 VIIII.
321 2257 387 2316 Non
410 2261 509 2318 obesse
531 2257 651 2333 spiritns
679 2258 773 2318 sancti
804 2257 915 2328 deitati,
946 2257 1020 2331 quod
1042 2273 1096 2315 nec
1119 2256 1268 2332 ingenitus
1291 2256 1336 2314 ui-

321 2363 421 2421 deatur
444 2379 507 2421 esse
530 2379 582 2421 nec
605 2362 731 2437 genitus,

260 2467 294 2526 X.
318 2467 456 2542 Spiritum
479 2471 609 2526 sanctum
633 2466 822 2542 perfectorum
846 2465 909 2525 esse
933 2467 1135 2525 charismatum
1159 2466 1333 2541 largitorem.
1366 2492 1387 2530 rs

246 2571 294 2630 XI.
318 2571 361 2630 De
391 2571 501 2632 actibus
533 2573 723 2646 apostolorum
755 2571 878 2630 ariseutio
906 2570 1047 2629 trinitatis
1075 2571 1204 2642 Iteratur,
1236 2570 1284 2628 ubi
1308 2573 1336 2628 et

321 2675 452 2735 Christus
474 2679 574 2735 contra
602 2676 781 2736 Nouatianos
804 2677 838 2734 ad
862 2677 983 2734 dandam
1005 2675 1213 2750 paenitentiam
1230 2673 1336 2733 missus

321 2781 471 2841 adseritur.

231 2885 295 2945 ΧΠ.
321 2885 373 2943 Dei
395 2886 541 2960 proprium
564 2903 638 2956 esse,
662 2889 695 2944 ut
717 2884 877 2944 sanctificet
899 2887 1067 2944 creaturam.

217 2989 296 3048 XIII.
321 2989 450 3048 Localem
474 3007 533 3048 non
556 3007 619 3048 esso
641 2988 776 3064 spirihum
799 2990 939 3047 sanctum.

239 3211 279 3264 IN
297 3209 369 3265 HOC
388 3209 519 3266 comcs
537 3209 796 3266 CONTINBNI'UR
815 3211 889 3264 DUO
908 3209 1007 3264 LIBRI
1025 3209 1154 3264 FAUSTI
1172 3210 1335 3265 EPISCOPI

199 3297 243 3350 BR
262 3279 328 3352 SPU
347 3279 418 3352 SUO.
442 3297 634 3354 INCIPIUNT
657 3297 799 3350 SENSURI
822 3297 1001 3352 CAPITULA
1025 3295 1093 3349 VEL
1116 3295 1336 3351 DIBI'INCTIO-

199 3383 271 3438 NES.
299 3383 478 3439 CAPITVLA
504 3384 603 3438 LIBRI
628 3383 732 3438 Psmfl
760 3385 790 3451 V,
817 3383 858 3437 IN
886 3383 948 3437 DBI
976 3383 1119 3438 NOMINE
1145 3383 1336 3437 INCIPIUNT

198 3471 375 3526 CAPITULA
397 3469 496 3525 LIBRI
519 3471 567 3526 DE
589 3454 656 3526 Sf’U
680 3452 745 3525 8ῗο
767 3469 957 3526 Pascflnsll
979 3469 1130 3548 DIACONI
1149 3470 1254 3524 VRBIS
1277 3470 1336 3524 RO-

199 3583 271 3637 1111:
289 3585 317 3638 P
377 3583 769 3652 Romame-intellegendum
792 3603 842 3640 ont.
862 3586 890 3639 P
950 3549 1048 3638 omn'e'i
1064 3585 1090 3639 V
1109 3583 1165 3650 (ino
1187 3603 1258 3638 mon.
1278 3585 1338 3650 alt.)

200 3671 261 3724 cuc
278 3675 343 3739 pute
364 3673 403 3726 V¹
465 3671 640 3726 Vasserenda
657 3673 686 3726 P
748 3670 966 3742 Setiam]&V
1029 3673 1061 3726 13
1080 3671 1165 3724 sancti
1184 3670 1293 3740 spiritus
1311 3671 1339 3724 P

200 3755 259 3825 quis
276 3759 304 3812 P
362 3759 469 3828 genitus
488 3760 515 3813 P
576 3761 608 3815 14
627 3759 762 3828 ingenitus
781 3758 809 3813 P
876 3762 908 3814 15
926 3759 1101 3828 perfectorem
1120 3759 1148 3812 P
1212 3758 1337 3811 carisma-

201 3875 255 3924 tum
274 3871 331 3926 PV
394 3873 426 3928 16
444 3837 565 3925 edseirtio
588 3873 614 3926 V
674 3874 706 3927 17
725 3872 861 3925 nouaticos
880 3873 908 3926 P
961 3873 992 3926 18
1011 3870 1138 3924 asseritur
1156 3871 1183 3924 P
1234 3873 1268 3925 20
1287 3868 1337 3924 sdr-

200 3955 288 4024 ficetur
310 3959 336 4012 V
392 3957 526 4028 sonetum]
545 3957 765 4014 EXPLICIVNT
784 3957 962 4013 CAPI'I'VLA
981 3957 1080 4011 LIBRI
1099 3955 1204 4010 PRIMI
1228 3957 1257 4026 V,
1276 3957 1335 4010 EX·

201 4041 368 4100 PLICIVNT
387 4043 566 4101 CAPITVLA
586 4047 613 4100 P
