3320 5140
346 454 424 508 XXII
794 455 1034 522 Prolegornena.

347 648 428 694 anno
458 629 532 711 448,
564 635 656 712 certe,
687 631 714 695 si
744 631 864 695 concilii
887 629 1147 695 Chalcedonensis
1179 648 1260 695 anno
1290 628 1352 692 451
1384 629 1483 694 habiti

347 737 465 799 statuta
480 735 631 799 Faustum
651 735 776 800 nouisse
792 734 972 815 statuimus,
995 737 1067 798 ante
1083 733 1167 798 hunc
1186 735 1236 799 nel
1256 735 1345 799 illum
1366 752 1482 799 anuum

347 839 481 923 epistula
503 839 620 922 scripta
642 843 699 903 est.

390 944 536 1007 Extremo
567 943 634 1008 loco
665 943 809 1008 laudatur
833 962 851 1007 a
873 942 1035 1008 Gennadio
1058 943 1223 1027 epistula
1245 943 1288 1006 ad
1311 942 1482 1024 Felicem,

347 1047 467 1112 silium
490 1048 617 1131 Magni
639 1048 823 1128 consulis,
855 1049 943 1111 cuius
965 1047 1109 1128 pluribus
1130 1047 1205 1112 loeis
1229 1047 1373 1111 meminit
1396 1046 1484 1112 Sido-

346 1153 416 1216 nius
437 1151 522 1234 (uida
538 1152 671 1217 indicem
687 1153 719 1217 in
735 1153 942 1218 Luetiohanni
958 1153 1093 1216 editione
1109 1172 1133 1217 e.
1151 1172 1181 1218 u.
1200 1151 1365 1238 Mopsus),
1389 1171 1483 1236 quam

347 1257 512 1340 epistulam
536 1257 568 1320 in
592 1257 698 1322 exsilio
721 1257 869 1322 aFausto
886 1258 1036 1340 scriptam
1054 1262 1085 1322 et
1100 1257 1227 1322 Arelate
1250 1259 1380 1322 missam
1404 1277 1483 1338 esse,

346 1361 400 1424 ubi
422 1361 550 1426 Leontio
581 1361 723 1444 episcopo
753 1380 828 1426 usus
860 1365 909 1425 est
931 1361 1017 1425 Felix
1046 1365 1177 1444 patrono
1209 1362 1262 1444 (cf.
1278 1381 1308 1444 p.
1328 1361 1400 1443 196,
1418 1361 1482 1445 15),

347 1483 441 1548 supra
463 1485 492 1548 p.
510 1465 556 1528 XI
579 1466 722 1530 diximus.

389 1570 566 1633 Dolendum
590 1574 648 1651 est,
672 1571 753 1652 qnod
776 1570 837 1634 alia
857 1570 964 1634 Fausti
988 1571 1113 1654 scripta,
1137 1570 1216 1655 quic
1238 1569 1374 1633 necdum
1398 1569 1483 1657 lepit,

347 1691 529 1738 enumerare
552 1675 653 1738 noluit
675 1673 866 1740 Gennadius.
913 1693 992 1756 quae
1015 1679 1120 1739 autem
1144 1679 1219 1739 sunt
1240 1676 1318 1740 haec
1347 1677 1483 1759 scripta?

347 1797 426 1860 quae
450 1779 590 1860 quaestio
614 1779 697 1843 haud
720 1797 953 1863 superuacanea
976 1783 1034 1860 est,
1058 1797 1132 1843 nam
1149 1778 1316 1863 significari
1332 1779 1484 1845 Gennadii

346 1881 450 1946 uerbis
473 1886 575 1946 cetera
597 1883 704 1948 omnia
726 1883 833 1947 Fausti
861 1885 985 1966 scripta,
1014 1901 1093 1965 qnae
1116 1902 1134 1947 a
1158 1882 1318 1948 Gennadio
1345 1889 1483 1966 praeter-

346 1987 443 2050 missa
473 1985 563 2050 nobis
587 1991 712 2051 seruata
736 1991 818 2067 sunt,
849 1988 1023 2069 praefracte
1046 1987 1237 2070 negauerim.
1284 2007 1319 2052 ac
1345 1989 1483 2072 primum

346 2090 472 2172 quidem
496 2090 674 2154 mirandum
699 2095 755 2172 est,
780 2092 862 2174 quod
882 2090 1061 2156 Gennadius
1078 2092 1187 2156 Fausti
1211 2110 1400 2157 sermones
1423 2094 1482 2158 nel
1530 2127 1533 2132 ·

346 2193 523 2258 homilias
548 2195 669 2259 silentio
692 2196 911 2279 praetermisit,
936 2213 1012 2278 quas
1036 2214 1098 2260 nno
1121 2196 1216 2260 uerbo
1239 2214 1483 2262 commemorare

346 2302 478 2382 poterat,
503 2300 626 2364 etiamsi
650 2318 712 2363 non
734 2301 863 2383 legerat,
892 2319 985 2382 quem
1010 2301 1047 2364 ad
1071 2301 1198 2365 modum
1223 2302 1291 2365 aliis
1314 2303 1390 2366 locis
1413 2323 1483 2386 per-

347 2403 453 2468 multis
473 2403 556 2468 hunc
575 2404 704 2468 illumne
725 2405 907 2487 scriptorem
928 2405 1072 2470 homilias
1093 2406 1253 2488 scripsisse
1269 2407 1372 2472 tradit.
1407 2427 1482 2472 num

346 2507 527 2592 putabimus
558 2509 709 2590 epistulas
740 2510 878 2573 miuntas
902 2527 920 2573 a
943 2508 1105 2574 Gennadio
1136 2515 1406 2592 commemoratas,
1437 2516 1485 2576 tot

347 2618 450 2677 autem
467 2613 610 2677 homilias
626 2613 742 2677 celatas
759 2617 848 2677 esse?
877 2632 970 2696 quam
987 2613 1025 2678 ob
1041 2633 1119 2694 rem,
1144 2613 1168 2677 si
1185 2615 1257 2697 quid
1280 2616 1382 2696 uideo,
1405 2615 1484 2681 nihil

346 2717 542 2800 relinquItur,
573 2735 667 2800 quam
697 2721 733 2782 ut
762 2722 938 2782 statuamus
969 2736 1004 2782 eo
1034 2722 1184 2801 tempore,
1216 2737 1276 2800 quo
1303 2719 1483 2786 Gennadius

347 2802 524 2906 catalogum
554 2841 645 2886 sunm
676 2822 845 2886 confecerit
875 2825 930 2886 aut
957 2822 1088 2886 ediderit
1115 2821 1148 2905 (i.
1167 2841 1192 2886 e.
1210 2840 1301 2903 anno,
1332 2828 1484 2908 utsupra

347 2947 375 3010 p.
393 2927 439 2990 XI
462 2928 708 3009 explananimus,
731 2925 818 3006 480),
849 2927 957 2990 Fausti
986 2927 1131 2990 homilias
1161 2928 1298 2991 nondum
1326 2929 1358 2992 in
1385 2948 1482 2992 unum

347 3050 457 3114 corpus
474 3031 571 3095 fuisse
587 3031 726 3095 redactas
743 3036 774 3095 et
791 3031 900 3111 editae,
924 3049 1115 3113 quamquam
1135 3031 1270 3095 libenter
1285 3033 1483 3097 concedimus

347 3155 442 3200 unam
473 3136 643 3200 alterumue
673 3138 735 3199 iam
766 3137 921 3200 exstitisse
951 3133 1152 3218 publicatam.
1191 3140 1313 3218 poterat
1342 3137 1418 3217 lieri,
1449 3140 1484 3200 nt

336 3245 401 3323 vant
416 3241 554 3308 Faustus
573 3245 645 3322 post
667 3259 784 3304 annum
800 3239 865 3303 480
887 3240 920 3304 in
935 3241 1041 3304 exsilio
1057 3241 1253 3304 homiliarum
1270 3241 1483 3306 collectionem

346 3345 463 3427 publici
485 3345 560 3410 iuris
584 3345 700 3409 iaceret
723 3349 777 3408 aut
797 3345 912 3408 Fausto
936 3345 1062 3408 demum
1086 3348 1208 3409 mortno
1232 3346 1422 3427 nescioquis
1446 3345 1483 3408 iis

348 3449 474 3513 edendis
490 3467 617 3532 operam
634 3450 730 3528 daret,
752 3449 783 3513 id
799 3453 882 3512 certe
898 3449 976 3512 mihi
992 3453 1133 3513 constare
1149 3449 1271 3513 uidetur·
1286 3449 1482 3514 Gennadium

349 3572 383 3617 eo
406 3558 556 3636 tempore,
580 3571 641 3634 quo
662 3554 699 3617 de
716 3553 823 3617 Fausti
843 3552 986 3636 operibns
1007 3553 1142 3635 scripsit,
1166 3571 1346 3616 sermonum
1362 3553 1484 3618 Fausti-

348 3676 459 3721 norum
483 3658 651 3722 editionem
675 3676 737 3721 non
761 3657 894 3737 nouisse,
917 3658 1014 3720 immo
1037 3675 1129 3720 nosse
1153 3676 1215 3721 non
1237 3658 1384 3741 potuisse.

392 3761 477 3842 Quae
500 3780 572 3826 cum
595 3761 639 3825 ita
662 3762 734 3842 sint,
761 3763 823 3825 iam
847 3763 1013 3843 quaeritur,
1042 3779 1119 3842 qnae
1144 3760 1253 3825 Fausti
1280 3763 1395 3845 scripta
1417 3781 1483 3823 orec-

332 3865 426 3931 dnm
451 3864 562 3951 legerit
577 3864 767 3930 Gennadius.
805 3865 947 3947 equidem
971 3865 1074 3928 nullus
1099 3863 1216 3945 dubito,
1241 3865 1315 3946 quin
1331 3865 1383 3928 ille
1399 3865 1483 3929 reli·

349 3989 439 4053 quas
463 3970 649 4053 epistulas
672 3989 690 4033 a
713 3990 746 4033 se
766 3971 905 4034 nondum
921 3973 1110 4033 memoratas
1127 3969 1231 4033 uerbis
1246 3969 1315 4032 istis
1330 3969 1483 4052 designet,

328 4093 426 4157 ¹quas
450 4075 539 4138 titulo
563 4077 704 4137 carentes
728 4074 755 4138 si
778 4093 960 4137 enumerare
988 4073 1097 4153 uoluit,
1128 4074 1229 4137 facere
1260 4092 1322 4138 uon
1351 4075 1483 4156 poterat,

348 4179 423 4262 qniu
445 4179 630 4263 perlegeret.
669 4179 794 4242 maioris
818 4181 923 4241 antem
947 4177 1037 4240 molis
1061 4195 1138 4259 opus
1161 4178 1268 4260 procul
1291 4177 1384 4242 dubio
1401 4177 1483 4242 Gen·

349 4284 468 4364 nadins,
486 4282 609 4346 etiamsi
624 4299 686 4346 non
698 4283 835 4366 legisset,
852 4285 1138 4361 commemorasset,
1156 4281 1406 4363 qnandoquidem
1418 4287 1482 4345 tam

349 4389 527 4472 diligentem
552 4405 586 4450 se
609 4387 776 4470 praestitit,
800 4389 836 4449 nt
858 4385 952 4448 etiarn
977 4386 1091 4468 scripta
1115 4385 1222 4448 Fausti
1247 4385 1367 4450 minora
1387 4386 1481 4450 ueluti
