3244 5130
297 435 359 499 136
676 434 712 487 Π.
731 433 775 486 De
794 433 913 504 spiritu
932 437 1045 487 sancto

295 612 401 692 itaque
431 629 502 673 cum
531 610 607 674 haec
638 609 772 675 adsertio
802 615 857 674 tna
885 610 924 674 ad
960 611 1146 675 catholicum
1180 630 1318 693 sensum,
1353 630 1428 675 cum

295 715 420 778 omnino
436 714 474 777 ad
487 714 699 778 Christianum
715 731 776 778 non
792 715 946 798 pertineat
960 714 1149 796 institutum,
1165 715 1278 782 diaboli
1294 733 1428 800 agnosce

295 821 517 899 commentum,
547 819 598 900 qni
626 819 748 883 animae
776 819 913 898 domum,
945 819 998 882 ubi
1025 823 1132 884 sancto
1160 820 1271 902 spiritu
1295 838 1427 885 uacuam

294 922 417 1003 uiderit,
448 923 536 1004 quasi
564 923 737 987 contrarius
762 923 888 1005 spiritus
912 941 984 987 cum
1007 923 1072 986 diro
1096 925 1245 988 comitatu
1273 924 1428 1006 nequitiae

255 1056 268 1095 e
295 1027 485 1111 septiformis
507 1028 636 1092 inuadit.
672 1027 724 1110 qui
748 1028 831 1092 enim
854 1027 943 1091 illum
967 1027 1113 1108 excludit,
1135 1029 1218 1092 hunc
1241 1029 1359 1111 recipit.
1397 1030 1428 1092 in

293 1132 346 1195 illo
370 1131 430 1195 fuit
452 1132 521 1212 ista,
545 1150 640 1214 quam
664 1132 748 1212 dicis,
773 1133 968 1196 excellentior
991 1135 1143 1212 creature,
1172 1133 1278 1214 quiin
1302 1133 1428 1197 caelesti

294 1237 435 1299 claritate
458 1236 667 1320 praefulgens,
692 1237 830 1300 muneris
846 1237 999 1316 conscius,
1023 1237 1155 1302 auctoris
1171 1237 1299 1320 ignarus
1314 1237 1428 1302 habere

295 1341 438 1421 sculdic,
462 1341 618 1423 accepisse
642 1341 774 1405 nesciuit
797 1345 829 1405 et
851 1341 918 1405 ideo
941 1341 1084 1426 gloriam,
1115 1359 1209 1422 quam
1232 1341 1343 1405 heatus
1367 1359 1428 1406 uon

293 1447 455 1527 intellexit,
486 1447 586 1510 elatus
613 1446 720 1510 amisit
741 1447 786 1511 ita
809 1447 928 1510 dicens:
959 1446 1155 1510 ascendam
1186 1465 1296 1529 super
1328 1449 1429 1511 astra

243 1577 267 1614 ιο
295 1550 460 1631 nubium,
494 1569 627 1632 ponam
658 1569 768 1632 super
797 1551 951 1615 thronos
982 1551 1117 1614 solium
1147 1569 1267 1615 meum
1298 1555 1335 1615 et
1368 1569 1428 1615 ero

293 1655 430 1718 similis
461 1655 655 1719 altissimo.
694 1655 745 1718 hic
768 1673 840 1739 ergo
864 1655 986 1718 nullum
1008 1655 1040 1718 iu
1063 1655 1213 1719 creaturis
1237 1655 1428 1738 superiorem

293 1780 336 1840 se,
368 1763 402 1823 nt
431 1777 510 1839 reor,
539 1758 660 1840 hahuit,
691 1760 811 1824 nullum
835 1759 973 1824 medium
998 1759 1080 1824 inter
1103 1778 1136 1823 se
1163 1763 1195 1824 et
1221 1760 1315 1824 deum
1339 1760 1429 1840 uidit,

292 1865 379 1927 cuins
403 1864 610 1928 aemulatione
634 1865 798 1948 superbiae
821 1864 948 1928 stimulo
971 1864 1145 1928 concitatus
1173 1864 1365 1948 adsurgeret,
1398 1867 1428 1928 et

292 1969 361 2033 ideo
385 1969 506 2032 nullum
528 1972 600 2033 ante
624 1989 657 2033 se
680 1972 762 2034 stare
785 1969 818 2032 in
841 1969 947 2033 ordine
963 1969 1094 2034 militiae
1110 1970 1253 2034 caelestis
1274 1969 1427 2051 aspiciens

241 2098 265 2138 re
292 2073 351 2156 ipsi
373 2093 478 2136 rerum
502 2073 625 2138 domino
649 2093 682 2137 se
705 2091 837 2156 aequare
867 2074 1088 2157 praesumpsit.
1123 2073 1233 2156 quodsi
1264 2075 1364 2138 ullum
1396 2094 1428 2138 se

292 2177 540 2242 excellentiorem
570 2178 694 2242 maioris
726 2179 882 2262 inpatiens
913 2179 946 2242 in
974 2179 1100 2243 caelesti
1131 2179 1229 2263 gradu
1257 2179 1429 2262 deprehen-

293 2282 400 2363 disset,
423 2282 468 2346 ilh
491 2301 524 2346 se
548 2283 649 2366 magis
672 2283 811 2347 conferre
835 2283 885 2347 uel
908 2284 1063 2367 praeferre
1086 2287 1281 2367 temptasset.

336 2387 405 2450 Duo
429 2387 557 2451 suntin
581 2387 779 2469 caelestibus,
809 2387 862 2469 qui
886 2388 967 2471 regit
989 2391 1020 2452 et
1043 2389 1096 2470 qui
1118 2391 1279 2472 reguntur,
1310 2393 1428 2453 creator

294 2494 325 2554 et
345 2495 494 2555 creatura.
523 2491 645 2554 nullum
660 2491 693 2556 in
709 2491 810 2556 medio
825 2492 936 2556 horum
952 2493 1082 2556 tertium
1098 2493 1199 2556 extitit
1214 2511 1324 2576 genus,
1348 2493 1428 2575 quod

242 2622 267 2660 ιο
294 2595 438 2660 secundis
462 2595 564 2660 maius
588 2599 619 2659 et
641 2596 773 2659 summis
797 2599 881 2660 esset
903 2597 1041 2660 inferius.
1077 2596 1273 2661 excellentior
1289 2600 1429 2660 creatura

294 2700 332 2762 de
362 2700 555 2783 archangelis
586 2699 717 2763 forsitan
740 2699 797 2764 dici
819 2703 933 2783 potest,
964 2701 1037 2764 licet
1064 2701 1174 2764 ceteris
1198 2701 1304 2765 ordine
1329 2702 1428 2784 magis

293 2803 509 2887 praemineant
539 2821 632 2884 quam
664 2807 783 2867 natura.
831 2805 885 2868 sed
916 2808 1022 2869 saneto
1050 2805 1172 2887 spiritui
1196 2807 1227 2868 et
1249 2805 1428 2889 archangeli

294 2909 442 2988 semiunt,
467 2927 502 2970 ex
526 2907 637 2990 quibus
661 2927 742 2972 unus
766 2909 855 2990 quasi
878 2910 1017 2972 minister
1041 2908 1211 2972 aduentum
1235 2908 1301 2972 eius
1318 2908 1427 2973 heatae

293 3011 413 3074 Mariae
435 3013 600 3077 nuntiauit.
639 3012 693 3076 sed
716 3012 805 3076 dicis:
829 3031 899 3076 ecoe
922 3013 975 3076 uhi
998 3013 1141 3096 spiritum
1165 3019 1308 3076 sanctum
1328 3013 1427 3078 Amos

241 3141 267 3181 25
292 3115 445 3198 propheta
474 3119 650 3180 creaturam
681 3117 840 3181 euidenter
863 3117 1007 3201 adsignat
1030 3117 1073 3181 ita
1095 3117 1216 3181 dicens:
1248 3136 1331 3182 ecoe
1362 3135 1427 3202 ego

291 3220 448 3283 firmans
469 3220 676 3284 tonitruum
697 3225 732 3284 et
751 3239 881 3285 creans
902 3222 1084 3304 spiritum.
1119 3222 1255 3304 primum
1271 3226 1329 3302 est,
1345 3223 1427 3305 quod

293 3324 411 3386 nudum
435 3324 560 3405 sphitus
584 3343 698 3389 nomen
721 3343 919 3408 nequaquam
942 3327 982 3390 ad
1003 3344 1169 3409 personam
1190 3326 1425 3392 sanctificatoris

395 3531 424 3600 9]
443 3531 512 3584 usar.
528 3535 568 3598 rr,
583 3535 622 3586 13.
676 3534 722 3600 25]
741 3533 801 3588 nm.
814 3537 839 3598 4,
855 3537 893 3588 re.

336 3731 453 3786 lhocc
522 3731 631 3785 assertio
650 3733 678 3785 P
745 3733 880 3787 3douum
899 3753 915 3788 c
986 3734 1082 3803 spiritu
1100 3739 1230 3790 sanctor>
1301 3751 1385 3788 uacua
1402 3738 1429 3791 P

290 3818 464 3873 lcontrariis
484 3820 510 3872 P
565 3819 674 3887 spiritus
693 3835 753 3872 cum
773 3819 830 3874 diro
848 3821 988 3890 comitatu]
1007 3820 1157 3891 hospitibus
1176 3822 1204 3876 P
1259 3822 1428 3877 5inuiditc

291 3950 404 4014 tiquam
424 3947 489 4001 dicis
508 3967 557 4004 om.
572 3949 599 4002 P
651 3947 850 4019 lplulgensP
901 3951 1048 4006 numeris-o
1100 3918 1243 4020 ignarisV
1292 3955 1427 4021 9suprav

292 4036 324 4088 10
346 4033 473 4086 thronum
496 4036 523 4089 P
591 4041 618 4088 et
640 4038 738 4092 orn.V
806 4040 838 4092 12
857 4037 938 4106 uidit]
958 4037 986 4090 in
1003 4038 1109 4092 addP
1179 4041 1211 4094 13
1234 4043 1384 4107 assurgeret
1402 4040 1429 4093 P

293 4123 324 4176 15
343 4119 553 4176 excellentiorem
572 4141 599 4176 se
618 4125 645 4178 P
707 4128 738 4180 lo
756 4124 853 4194 gradu]
872 4127 962 4193 gandii
982 4129 1015 4195 P,
1035 4127 1132 4195 gaudio
1150 4147 1166 4182 v
1231 4131 1263 4184 18
1282 4132 1384 4181 creator
1401 4135 1428 4183 et

292 4212 412 4262 creatura
429 4212 520 4265 ooaP
572 4214 604 4266 19
617 4211 718 4266 nulloo
770 4213 936 4267 immodioP
985 4215 1204 4283 quod]qnamV
1254 4218 1288 4270 20
1302 4216 1388 4283 magis
1404 4217 1430 4270 V

291 4311 411 4348 summus
427 4297 453 4351 V
519 4300 549 4352 21
571 4297 657 4352 dicere
675 4303 783 4368 potero
847 4300 1004 4368 carpimur
1023 4305 1148 4355 sanctor
1213 4305 1246 4356 25
1265 4302 1384 4370 assignat
1401 4303 1429 4357 P

292 4386 324 4440 27
343 4381 456 4452 nudum]
476 4383 610 4438 interdum
630 4387 657 4439 P
708 4386 899 4439 sanctificantis
919 4387 946 4440 P
