3268 5142
366 1559 478 1626 Cetera
495 1560 617 1626 Fausti
630 1561 756 1647 scripto
771 1582 792 1622 a
807 1558 900 1623 robis
921 1558 1065 1623 nondum
1087 1558 1244 1622 recensita
1263 1567 1377 1643 postia
1390 1579 1455 1644 pie·

320 1665 398 1730 biici
420 1664 508 1729 iuris
523 1663 706 1752 sociemus;
727 1674 803 1728 sont
825 1673 933 1728 aretem
949 1661 1027 1749 fere
1049 1664 1141 1727 haec:

397 1804 423 1868 Ι.
451 1801 577 1890 Corpus
600 1801 691 1867 ittet
712 1823 893 1866 sermonum
913 1825 934 1866 a
953 1799 1110 1889 Gaiprreio
1125 1801 1268 1865 Parisiis
1284 1801 1370 1866 1547
1380 1802 1454 1888 pri·

448 1931 534 1971 mum
556 1905 615 1972 sub
638 1905 775 1970 Eusebii
796 1906 943 1970 Emiseni
966 1907 1109 1992 episcopi
1130 1906 1256 1969 nomine
1278 1905 1402 1969 editum
1423 1916 1454 1969 et

448 2011 488 2076 ab
512 2010 647 2075 Andria
674 2007 801 2075 Schotto
828 2020 960 2074 auctum
985 2009 1087 2093 (Bibl.
1104 2009 1195 2074 Patr.
1216 2007 1324 2075 Coton.
1341 2009 1406 2074 ool.
1428 2009 1458 2074 V

449 2127 478 2180 et
500 2115 587 2180 Biol.
604 2115 696 2178 Patr.
713 2114 803 2179 Maso.
821 2114 924 2202 Lupd.
941 2113 1006 2179 oroi.
1029 2113 1099 2200 VI).

380 2238 424 2303 II.
453 2237 625 2302 Tractatus
643 2237 762 2301 Fausti
777 2261 797 2300 a
812 2237 848 2301 P.
865 2236 996 2300 Pithoeo
1018 2237 1125 2301 editus
1141 2235 1310 2320 (Ueterum
1329 2237 1452 2323 aiiqeot

452 2340 584 2407 Galliae
600 2341 817 2428 theoioporum
830 2342 957 2427 scripta
967 2341 1124 2424 [Parisiis
1136 2341 1241 2426 1586]
1250 2363 1286 2427 p.
1300 2342 1365 2404 124
1376 2363 1453 2427 opp:

450 2447 569 2512 Fausti
591 2446 688 2534 Ropii
706 2444 840 2510 Galliae
863 2445 1006 2532 episcopi
1029 2445 1067 2509 de
1090 2445 1216 2508 ratione
1231 2443 1316 2528 fidei
1338 2445 1384 2509 ad
1405 2445 1451 2510 ob-

451 2553 533 2617 iecto
555 2551 715 2638 quaedam
737 2551 929 2637 responsio).

363 2675 425 2739 III.
453 2675 627 2739 Tractatus
651 2673 829 2737 ‘Faustini'
852 2671 890 2737 de
912 2671 1063 2760 symbolo,
1086 2694 1177 2759 quem
1199 2669 1342 2759 Caspari
1368 2669 1452 2758 (Ate

450 2779 521 2844 ond
553 2801 634 2842 rreue
667 2777 802 2851 Queilerr
831 2800 892 2841 zur
926 2777 1108 2842 Gesciricizte
1139 2775 1192 2840 des
1228 2774 1451 2863 Taufspmbois

449 2881 695 2970 [Christianiae
714 2882 817 2970 1879]
839 2905 872 2968 p.
890 2883 954 2946 250
968 2882 1047 2968 sqq.)
1068 2881 1216 2967 primum
1237 2879 1352 2945 edidit.

363 3021 445 3086 Alio
467 3021 626 3108 quaedem
647 3021 774 3106 scripta
797 3044 819 3083 a
840 3020 928 3084 uiris
953 3019 1055 3084 doctis
1078 3020 1129 3084 his
1152 3019 1236 3106 ipsis
1259 3018 1452 3106 temporibus

322 3129 445 3191 Fausto
462 3125 625 3190 attributa
639 3147 703 3189 rior
718 3147 782 3190 esse
798 3125 942 3212 episcopi
953 3124 1100 3190 Reieosis
1118 3123 1350 3188 deotonstrosse
1364 3121 1451 3188 nobis

321 3231 486 3313 uidemur,
509 3229 552 3316 cs.
569 3228 805 3316 Proiepomena.
