3264 5134
671 478 766 533 Liber
784 479 798 532 I
817 483 892 536 7-8.
1306 479 1347 545 25

214 654 313 734 detur,
342 656 373 717 et
396 654 658 735 quemadmodum
685 657 755 737 post
785 655 909 719 diuersa
936 655 1106 720 carnalium
1133 653 1348 719 blandimenta

214 759 372 838 uitiorum,
400 777 478 840 quae
506 759 596 823 facile
617 759 719 841 prima
746 761 832 822 aetas
859 763 976 823 statum
1004 778 1096 823 suum
1121 761 1259 824 retinens
1285 761 1349 823 eal-

213 881 284 926 oare
299 863 463 945 potuisset,
487 881 558 926 oum
574 880 689 946 magno
705 863 874 927 luctamine
896 865 982 928 uelut
997 867 1105 928 eontra
1124 864 1211 928 ardui
1235 865 1348 929 montis

214 985 381 1031 ascensum
404 967 443 1030 ad
466 967 590 1031 uirtutis
614 967 697 1031 uiam
721 967 846 1048 reditur,
875 968 919 1032 ita
945 967 1075 1032 humani
1098 966 1218 1032 arbitrii
1245 986 1264 1031 a
1291 968 1348 1032 deo

214 1089 363 1136 conoessa
378 1071 505 1136 libertas
518 1070 625 1136 florem
642 1071 843 1154 uigoremque
858 1071 977 1155 gratiae
993 1089 1067 1134 suae
1082 1071 1225 1155 perdidit,
1243 1075 1348 1136 tamen
1388 1085 1401 1124 ⁵

215 1177 283 1258 ipsa
305 1193 368 1239 non
391 1175 492 1259 periit,
515 1195 535 1238 n
574 1175 679 1238 diuina
700 1193 831 1238 munera
851 1192 913 1239 uon
929 1179 994 1238 tam
1010 1175 1174 1239 interdieta
1196 1176 1256 1240 sibi
1279 1195 1350 1239 sen-

214 1281 283 1360 tiat,
307 1298 399 1362 qnam
423 1297 495 1344 oum
519 1298 642 1344 summo
664 1280 769 1344 labore
797 1297 832 1344 ao
860 1280 969 1344 sudore
997 1299 1051 1362 per
1078 1280 1219 1344 adiutorii
1245 1283 1349 1363 patro-

215 1384 331 1448 cinium
355 1384 414 1448 sibi
436 1384 604 1467 repetenda
627 1403 696 1447 esso
719 1387 894 1467 cognoseat.

258 1487 342 1552 Audi
371 1488 582 1570 legislatorem
606 1489 643 1552 de
668 1489 838 1553 uoluntatis
867 1487 992 1552 arbitrio
1021 1488 1247 1572 disputantem,
1278 1506 1349 1550 oum

215 1593 307 1657 dioit:
330 1593 437 1676 posui
458 1595 543 1656 anta
559 1592 693 1656 faeiem
709 1595 810 1656 tuam
825 1591 942 1656 uitam
966 1596 1001 1656 et
1023 1595 1192 1671 mortem,
1216 1591 1349 1656 bonum
1378 1609 1402 1646 1⁰

216 1701 252 1760 et
276 1698 422 1760 malum.
455 1697 551 1779 elige
574 1697 705 1776 uitam,
730 1699 768 1760 ut
790 1696 911 1776 uiuos,
936 1696 1112 1760 etiterum:
1136 1697 1234 1760 ulam
1258 1697 1350 1760 ueri-

215 1802 306 1865 tatis
339 1801 450 1884 elegi,
485 1800 625 1864 iudicia
653 1805 717 1864 tna
748 1819 818 1865 non
849 1819 927 1864 snm
957 1800 1106 1865 oblitus.
1152 1800 1239 1864 uides
1270 1801 1350 1882 quod

215 1906 373 1969 nemiuem
395 1905 446 1968 hio
467 1905 582 1988 premit
611 1905 668 1968 fati
696 1905 746 1968 nel
777 1905 929 1987 inpositae
960 1904 1138 1988 perditionis
1170 1904 1349 1984 necessitas,

214 2009 270 2072 nbi
293 2009 430 2092 conpetit
453 2009 586 2092 eligendi
609 2011 763 2091 potestas
794 2027 894 2090 neque
924 2009 956 2072 in
987 2026 1081 2072 unam
1108 2011 1231 2092 partem
1254 2008 1351 2072 trahit

215 2112 466 2196 praedestinatio,
489 2112 544 2176 ubi
567 2112 726 2193 utriusque
745 2113 841 2194 partis
858 2112 995 2178 defertur
1016 2113 1133 2177 eleotio.
1165 2112 1258 2176 item:
1282 2112 1351 2176 liat
1378 2125 1402 2166 ¹⁵

216 2235 346 2281 manus
371 2221 448 2296 tua,
476 2219 516 2280 ut
543 2217 687 2279 saluum
718 2235 773 2279 me
803 2216 932 2296 faeiat,
963 2217 1049 2298 quia
1081 2216 1256 2280 mandata
1289 2220 1351 2280 tua

216 2321 327 2404 elegi,
359 2319 417 2384 hos
444 2323 492 2384 est
522 2319 638 2384 dioere:
673 2319 862 2384 sollieitabat
893 2339 942 2384 me
974 2321 1098 2402 quidem
1129 2321 1161 2384 in
1192 2320 1350 2384 sinistram

215 2429 338 2510 partem
361 2424 533 2508 perniciosa
560 2423 669 2488 muudi
696 2424 857 2506 uoluptas,
889 2423 943 2488 sed
974 2426 1006 2488 in
1035 2425 1192 2488 dexteram
1223 2424 1351 2488 manda-

215 2533 320 2592 torum
344 2533 469 2592 tuorum
492 2528 586 2592 traxit
608 2527 738 2592 utilitas.
779 2529 885 2609 itaque
902 2547 973 2591 eum
989 2532 1098 2612 gentes
1121 2529 1206 2611 ipsae
1222 2528 1261 2592 ad
1276 2529 1351 2592 mali

214 2633 329 2696 boniue
360 2631 507 2694 iudicium
534 2631 626 2696 insito
654 2631 713 2695 sibi
737 2631 910 2715 dirigantur
938 2631 1073 2712 arbitrio,
1104 2635 1220 2713 quanto
1251 2632 1350 2715 magis
1377 2647 1402 2686 20

215 2735 371 2800 moderari
394 2735 432 2798 ad
454 2734 569 2799 bonam
596 2737 718 2818 partem
745 2736 916 2799 uoluntatis
944 2754 1018 2800 suae
1045 2735 1222 2800 libertatem
1248 2739 1352 2817 potest

213 2839 343 2904 humilis
367 2838 573 2918 Christianus,
598 2837 650 2920 qui
674 2838 915 2922 possibilitatem
943 2857 1032 2902 suam
1063 2839 1095 2903 in
1127 2839 1176 2903 dei
1203 2839 1351 2903 adiutorio

213 2945 332 3008 uirtute
355 2943 527 3022 constituit,
551 2943 589 3006 ad
612 2961 706 3024 quem
730 2943 858 3007 dieitur:
890 2943 920 3006 si
951 2944 1007 3008 uis
1038 2943 1228 3026 perfectus
1256 2963 1350 3024 esse,

212 3047 323 3126 unde,
353 3047 470 3110 uende
501 3064 592 3128 qnae
623 3046 752 3126 habeS,
784 3051 814 3110 et
844 3047 973 3111 iterum:
1007 3047 1065 3111 uis
1097 3066 1208 3112 sanus
1239 3048 1350 3112 fieri?

212 3149 368 3232 eonsoius,
392 3153 544 3233 quantum
566 3151 649 3214 eordi
669 3151 805 3214 humano
821 3154 931 3235 potens
946 3152 1045 3216 laetor
1061 3152 1216 3232 indiderit,
1240 3153 1349 3216 uolun-
1377 3167 1403 3207 ²⁵

212 3259 314 3320 tatem
337 3255 443 3337 ipsius,
467 3273 559 3336 quem
583 3259 631 3319 est
654 3259 831 3336 sanaturus
854 3257 1034 3340 interrogat.
1066 3274 1140 3320 nam
1161 3260 1193 3320 et
1209 3257 1268 3320 alio
1284 3257 1350 3321 loeo

213 3359 367 3443 populum
401 3357 616 3423 ambulantem
650 3377 798 3423 oouoessa
828 3359 946 3424 arbitrii
977 3359 1120 3424 libertate
1154 3361 1198 3424 sio
1232 3361 1350 3444 arguit:

214 3463 309 3527 edua
332 3464 432 3526 foras
454 3463 633 3546 populum
657 3481 806 3527 caecum
829 3467 866 3527 et
888 3465 1014 3528 oeulos
1038 3463 1252 3544 habentem,
1276 3483 1352 3528 sur-

213 3569 301 3631 dum
325 3571 361 3630 et
384 3585 491 3630 aures
516 3567 547 3630 ei
571 3571 667 3630 sunt.
706 3567 757 3631 hio
773 3567 854 3648 quod
870 3568 981 3632 surdus
998 3571 1030 3631 et
1044 3586 1153 3632 oaeous
1170 3571 1227 3648 est,
1244 3571 1351 3632 eontu-

214 3671 337 3734 maoiae
361 3689 429 3734 esse
453 3670 655 3754 intellegitur,
679 3688 741 3735 non
764 3674 903 3735 naturae.
943 3674 974 3735 et
1003 3671 1034 3736 in
1062 3673 1222 3756 euangelio
1245 3675 1351 3755 aperte
1378 3688 1404 3728 ³⁰

214 3774 353 3839 ostendit
368 3774 503 3838 inditum
520 3793 587 3838 esse
603 3775 721 3838 homini
737 3774 837 3839 bonae
849 3775 1020 3839 uoluntatis
1033 3775 1193 3840 affectum:
1210 3775 1350 3857 siquis,

323 3927 366 3996 10]
389 3927 467 3982 Dout.
486 3931 528 3992 30,
548 3931 586 3984 11),
659 3929 703 3998 11]
726 3928 824 3982 Psalm.
846 3931 903 3993 118,
921 3933 961 3984 30.
1036 3931 1078 4000 15]
1102 3929 1199 3984 Pselrn.
1221 3932 1278 3993 118,
1293 3931 1351 3984 173.

213 4015 262 4084 23]
281 4014 376 4068 Matth.
399 4017 491 4076 11121.
546 4016 591 4084 21]
610 4016 702 4070 Ioann.
721 4019 744 4079 5,
758 4019 782 4070 6.
835 4017 881 4086 28]
900 4016 968 4070 Esni.
988 4017 1029 4080 13,
1043 4019 1067 4072 8.
1126 4018 1171 4086 31]
1189 4017 1253 4070 Luo.
1272 4019 1296 4080 9,
1309 4019 1350 4072 23.

262 4153 528 4222 lqnemammodum
547 4155 574 4208 P
625 4155 845 4223 5uigoremquae
864 4157 891 4210 P
945 4159 976 4210 12
995 4154 1057 4224 eligi
1076 4156 1103 4210 P
1150 4159 1182 4212 13
1200 4156 1353 4225 preemitP

216 4244 251 4298 11
268 4243 393 4310 conputet
411 4242 438 4295 P
487 4240 609 4308 elegendi
626 4243 654 4296 P
699 4257 798 4310 nequae
817 4242 844 4296 P
889 4241 984 4310 neque]
1004 4242 1073 4296 enirn
1087 4243 1179 4298 addo
1227 4245 1258 4297 15
1277 4257 1352 4310 prae-

214 4327 353 4382 distinatio
372 4329 400 4382 P
444 4327 598 4396 utriusquae
616 4330 643 4382 P
691 4331 721 4384 17
741 4327 931 4382 solicitabatP
977 4331 1009 4385 18
1027 4329 1210 4398 pernitiosaP
1256 4331 1288 4383 19
1301 4327 1352 4381 ita-

213 4431 282 4485 quae
302 4415 329 4469 P
380 4416 414 4470 211
431 4413 556 4468 iuditium
576 4416 603 4469 P
654 4416 684 4469 21
704 4413 861 4471 libertates
913 4415 946 4472 21
964 4414 1044 4470 uinde
1063 4417 1091 4472 P
1141 4417 1174 4472 27
1193 4413 1308 4468 concessi
1326 4415 1354 4470 P
