3320 5140
683 459 923 528 Prologomsna.
1280 459 1373 513 XXIII

235 638 384 722 epistulas
408 637 542 700 afferret.
567 655 647 718 6666
670 635 697 699 61
719 639 802 700 recte
826 635 983 718 disputate
1005 639 1087 715 sunt,
1111 635 1174 700 iarn
1198 636 1373 700 111666661-

234 745 302 806 tum
329 741 522 806 auctoritatis
553 741 726 805 detrahitur
757 738 1021 822 disputationibus
1053 757 1171 820 eorum,
1202 739 1373 822 66161661

233 847 430 912 1666666166
454 843 607 910 Gennadii
634 845 671 908 de
696 844 804 908 Fausti
831 844 955 926 scriptis
983 845 1122 908 nondum
1145 845 1234 909 lectis
1257 845 1373 910 Fausto

234 951 293 1016 hoc
308 951 425 1016 illudue
440 967 519 1034 opus
535 949 699 1014 obtrudere
716 949 853 1013 student.
886 949 941 1012 sed
957 948 994 1012 16
1009 949 1058 1012 116
1074 952 1183 1032 postea
1197 949 1371 1014 11666166.

276 1055 345 1120 Iam
369 1055 406 1119 de
429 1055 538 1120 Fausti
561 1053 702 1136 epistulis
726 1071 745 1118 a
767 1052 931 1118 Gennadio
954 1054 1140 1118 nominatim
1168 1072 1231 1118 non
1254 1071 1373 1118 memo-

233 1161 309 1226 ratis
330 1179 471 1243 agamus,
494 1160 577 1223 inter
597 1177 673 1241 quas
693 1157 865 1242 principem
885 1158 989 1222 looum
1015 1194 1054 1204 —-
1078 1157 1116 1221 de
1137 1159 1271 1240 epistula
1289 1161 1372 1222 enim

234 1265 272 1330 ad
295 1265 448 1328 Lucidum
478 1263 698 1348 presbyterum
728 1263 791 1328 alia
820 1263 982 1327 occasione
1010 1261 1117 1326 oblata
1143 1262 1372 1346 disputenimus

233 1371 275 1416 ’-
298 1368 420 1434 6111661
442 1368 609 1451 epistula
631 1367 674 1432 ad
696 1367 912 1448 Paulinum,
943 1367 1032 1431 cuius
1059 1365 1204 1432 meminit
1230 1367 1372 1432 Alcimus

232 1473 347 1538 Auitus
371 1473 403 1537 in
420 1473 554 1556 epistula
569 1472 608 1536 ad
624 1470 854 1536 Gundebadum
870 1471 1130 1555 Burgundionum
1146 1491 1253 1554 regem
1270 1471 1313 1555 (p.
1331 1469 1372 1534 29

233 1578 368 1662 Peiper),
392 1577 447 1642 scd
469 1578 513 1642 ita
535 1581 570 1641 ut
592 1594 655 1640 nou
670 1576 824 1640 Faustum
841 1575 1008 1640 Reiensem
1032 1576 1087 1640 661
1102 1575 1254 1640 Faustum
1269 1576 1373 1640 Mani·

232 1683 364 1748 thaeum
387 1699 457 1746 eam
478 1673 640 1762 scripsisse
662 1681 839 1744 adseueret:
863 1678 944 1764 qnia
964 1678 1086 1765 16616116
1106 1677 1288 1742 consolanti
1307 1679 1372 1742 cni-

234 1785 309 1850 dam
336 1783 479 1848 Paulino
506 1783 748 1869 Burdopalenei
775 1782 816 1846 ah
845 1783 993 1869 episcopo
1020 1783 1207 1868 supradicti
1233 1783 1373 1847 nominis

232 1891 311 1974 (scil.
330 1889 468 1974 Fausto)
489 1887 602 1975 faisse
629 1909 835 1973 responsam:
861 1887 956 1950 anias
984 1887 1180 1974 donaparihae
1206 1887 1372 1951 Paulinus

232 1994 365 2080 quietam
384 1993 477 2078 (dens
493 1993 630 2070 uiderit,
653 2001 766 2056 utram
781 1991 821 2070 ia,
844 2013 935 2076 quem
951 1993 1143 2069 memoratis,
1168 2003 1271 2056 tamen
1286 1991 1372 2055 Bur·

233 2097 429 2186 deputareris)
454 2119 518 2161 non
536 2119 650 2182 panca
671 2095 749 2159 stila
772 2095 929 2160 catholico
952 2107 981 2158 61
1003 2095 1292 2182 inreprehensibili
1303 2095 1373 2179 fida

232 2203 440 2288 cornaripeit:
468 2199 620 2288 praefati
650 2200 807 2264 baeretici
836 2201 1023 2264 mentionem
1050 2201 1174 2264 idcirco
1201 2201 1372 2287 praemisi,

233 2329 270 2370 ne
286 2306 475 2370 Manichaei
498 2306 605 2391 ipsine
624 2305 743 2368 Fausti
766 2326 848 2390 apua
871 2301 1057 2392 infaustam
1076 2305 1257 2370 citeriorem
1276 2307 1372 2384 hane,

233 2434 322 2498 quem
338 2411 436 2475 etiam
450 2409 558 2498 pluria
574 2419 687 2473 caetra
702 2419 851 2487 nouerat,
875 2419 952 2472 orta
967 2409 1168 2473 Britannum
1184 2409 1372 2474 habitaculo

232 2516 406 2594 1161666666,
438 2513 535 2579 titulo
565 2513 706 2577 nominis
737 2524 913 2578 accusaret.
953 2519 1055 2580 exstat
1085 2517 1221 2599 epistula
1249 2517 1372 2580 Paulini

232 2623 325 2702 illius,
349 2625 384 2685 ut
399 2621 514 2685 Auitus
531 2621 584 2700 611,
607 2619 848 2704 Burdcgelensis
869 2621 911 2702 (p.
932 2617 1003 2700 181,
1020 2619 1053 2702 9)
1074 2621 1106 2684 16
1123 2620 1243 2684 166166
1260 2621 1372 2684 ecdici-

231 2727 301 2806 bus,
324 2745 455 2808 quoram
479 2726 512 2790 in
534 2726 632 2788 altero
656 2723 709 2806 (cl.
727 2745 756 2808 p.
773 2721 900 2804 183,10
923 2723 1000 2806 not.)
1029 2725 1160 2808 scriptor
1182 2725 1371 2789 Benedictus

230 2831 380 2895 Pauliana
403 2829 586 2912 appellatur.
625 2829 651 2892 is
675 2847 694 2892 a
716 2828 839 2892 Marino
862 2829 998 2910 quodam
1022 2829 1154 2894 eremita
1181 2829 1308 2894 edoctus
1333 2829 1370 2892 de

231 2935 401 3000 acerbitate
411 2933 643 3016 suppliciorum,
657 2951 735 3015 quae
748 2933 923 3014 exciperent
934 2937 1110 3016 peccatores
1120 2932 1288 2998 Christiani
1300 2937 1372 3015 post

232 3043 374 3118 mortem,
390 3038 543 3102 Faustum
555 3037 713 3102 6666611611
728 3037 766 3102 16
782 3041 1002 3102 momentanea
1017 3038 1208 3120 paenitentia
1222 3039 1254 3102 in
1271 3041 1371 3102 66166-

232 3144 290 3208 mis
313 3144 396 3208 61166
419 3142 670 3222 66666611611166,
702 3160 778 3206 num
801 3141 878 3205 fides
906 3141 1065 3206 sufficeret
1091 3142 1130 3206 ad
1158 3143 1303 3223 salutem,
1333 3143 1371 3206 de

231 3251 315 3312 statu
331 3247 454 3311 animae
471 3249 691 3328 postmortem
708 3245 839 3328 aliisque
855 3244 1020 3310 similibus.
1052 3247 1101 3310 cui
1117 3245 1252 3311 Faustus
1268 3245 1370 3310 fusius

231 3352 390 3436 respondit
416 3350 460 3434 (p.
480 3347 550 3430 183,
567 3348 602 3434 9)
632 3355 673 3430 61,
705 3368 784 3432 6666
812 3350 953 3414 Marinus
984 3351 1166 3431 minaretur,
1197 3369 1272 3414 uera
1301 3369 1370 3416 6666

230 3457 456 3542 comprobauit.
503 3455 623 3520 duobus
647 3455 755 3520 Fausti
785 3456 938 3538 epistulae
968 3455 1044 3520 locis
1075 3454 1286 3520 Gundobadus
1317 3475 1370 3520 rer

230 3563 366 3628 Arianos
397 3561 534 3626 61166666
565 3559 662 3625 Auito
693 3579 745 3626 666
775 3561 945 3644 proposuit,
974 3561 1037 3644 qui,
1065 3561 1139 3643 quid
1166 3561 1369 3644 responderit,

230 3668 307 3733 nihil
330 3667 369 3731 ad
392 3671 530 3731 nostram
553 3683 620 3730 rem
643 3665 728 3745 facit,
752 3665 813 3729 nisi
836 3666 918 3747 quod
939 3665 1090 3730 Faustum
1106 3665 1273 3730 Reiensem
1288 3666 1370 3730 Pau·

230 3775 293 3840 lino
309 3775 354 3838 illi
368 3772 566 3856 respondisse
585 3771 724 3856 negauit,
748 3771 803 3836 sed
819 3771 935 3835 Fausto
952 3772 1137 3837 Manichaco
1158 3791 1182 3836 6.
1199 3771 1369 3856 Augustini

230 3878 408 3944 aduersario
432 3877 599 3960 epistulam
622 3876 797 3960 adscripsit.

273 3981 386 4049 Uerbis
409 3981 498 4046 Auiti
528 3982 630 4045 elucet
656 3980 765 4045 Fausti
796 3981 965 4064 epistulam
995 3981 1097 4062 ipsam
1126 3998 1145 4044 a
1175 3979 1369 4046 Guodobado

228 4089 325 4154 Auito
355 4085 572 4152 transmissam
604 4103 665 4150 non
696 4103 775 4166 6666,
806 4103 940 4167 cumque
970 4102 1016 4164 66,
1047 4103 1125 4167 6666
1156 4085 1368 4150 (1661616166

230 4194 434 4276 excerpserat,
450 4191 537 4254 Auiti
557 4189 704 4272 plausum
724 4207 786 4254 non
807 4190 934 4270 ferrent,
959 4190 1025 4254 6166
1045 4209 1100 4273 per
1120 4191 1205 4273 piam
1225 4190 1367 4254 fraudem

230 4299 296 4362 6166
326 4297 408 4379 6661
438 4295 505 4378 ipse
535 4295 687 4378 epistulae
719 4295 901 4376 scriptorem
936 4294 1093 4377 ignorauit
1126 4312 1227 4376 neque
1261 4299 1368 4360 tamen

230 4401 380 4464 Faustum
393 4399 557 4464 Reiensem
569 4398 647 4462 talia
659 4397 793 4462 scribere
807 4397 944 4481 potuisse
961 4397 1020 4462 sibi
1035 4398 1199 4480 persuasit,
1215 4397 1367 4464 Faustum
