3264 5134
299 500 341 565 50
759 499 780 554 1.
800 500 844 553 De
862 500 969 568 gratia

340 675 466 740 Nouum
497 693 569 760 ergo
601 675 773 740 remedium
796 676 873 740 nihil
896 693 988 760 agere
1011 676 1122 759 potuit,
1152 675 1179 740 si
1209 679 1281 740 ante
1308 673 1433 740 saccula

298 799 346 844 res
370 781 523 844 humanas
546 778 684 844 definitio
707 781 834 844 uetusta
855 779 1005 862 praefinit.
1052 779 1107 844 scd
1133 779 1205 862 quia
1232 779 1336 844 fatalis
1363 799 1432 863 per-

298 885 416 964 suasio,
448 901 527 967 quae
558 884 623 948 uim
653 883 877 968 praescientiae
908 884 1046 968 cogentis
1078 882 1211 964 inducit,
1245 883 1431 948 omnimodis

297 989 472 1071 respuenda
494 992 551 1069 est,
580 989 649 1053 ideo
672 989 773 1072 magis
798 991 829 1052 et
851 988 954 1072 legem
976 987 1079 1073 (deus)
1101 987 1186 1052 dedit
1208 991 1239 1052 et
1264 988 1432 1072 prophetae

258 1119 271 1159 s
297 1093 409 1158 mediis
432 1092 627 1176 temporibus
644 1093 800 1173 excitauit,
824 1093 896 1176 quia
913 1092 1074 1157 arbitrium
1089 1093 1261 1158 uoluntatis
1276 1093 1433 1157 humanae

298 1197 502 1262 adtenuatum
525 1201 664 1278 nouerat,
687 1215 750 1262 non
774 1195 924 1262 ablatum.
964 1197 1046 1279 qnod
1069 1198 1095 1261 si
1118 1216 1154 1261 ex
1173 1201 1238 1262 toto
1258 1197 1346 1282 nigor
1367 1197 1432 1262 eins

297 1302 440 1384 perisset,
463 1302 616 1383 quomodo
635 1302 804 1386 legeretur:
829 1305 865 1366 et
887 1302 923 1366 in
946 1301 1030 1386 lege
1053 1301 1189 1366 domini
1212 1302 1285 1366 init
1305 1301 1433 1366 uolun-

298 1406 467 1486 tascius,
491 1405 667 1470 etiterum:
691 1405 904 1470 uoluntarie
924 1404 1148 1471 sacrificabo
1168 1404 1247 1485 tibi,
1271 1405 1432 1484 domine,

298 1512 329 1574 ct
351 1510 391 1574 ad
413 1510 645 1575 Philemonem:
678 1513 718 1573 111
740 1527 812 1574 non
836 1528 877 1574 ex
900 1511 1144 1590 necessitate,
1175 1509 1239 1574 sed
1262 1510 1433 1574 uolunta-

247 1641 271 1678 ιο
297 1615 390 1678 rium
413 1618 514 1678 esset
536 1613 671 1679 bonum
694 1616 819 1678 tuum?
857 1617 890 1678 et
909 1632 981 1678 cum
997 1613 1079 1678 dicat
1098 1615 1131 1678 in
1151 1613 1325 1698 euangelio:
1349 1630 1432 1677 caro

298 1735 377 1782 mea
392 1721 463 1798 eet,
484 1735 591 1800 quam
612 1737 677 1802 ego
699 1717 792 1784 dabo
811 1735 875 1801 pro
895 1717 1022 1782 mnndi
1038 1717 1127 1799 uita,
1148 1716 1290 1782 dubitare
1306 1718 1432 1801 penitus

297 1839 357 1886 non
386 1822 546 1902 debemus,
577 1822 658 1904 quod
681 1840 736 1905 pro
765 1825 830 1887 toto
854 1823 970 1888 mundo
1001 1842 1034 1887 se
1064 1823 1249 1905 inpenderit,
1279 1821 1332 1908 qui
1360 1822 1432 1904 plus

297 1926 391 2008 dedit,
419 1944 513 2009 quam
540 1929 624 1992 totus
652 1927 786 1991 mundus
814 1926 955 2007 uniebat,
984 1929 1064 1991 sicut
1091 1929 1123 1991 et
1146 1927 1254 1991 beatus
1278 1926 1432 1991 Iohannes

297 2031 492 2114 euangelista
514 2034 660 2095 testatur:
692 2031 771 2113 ipse
802 2039 859 2094 est
886 2031 984 2096 enim
1011 2031 1232 2115 propitiatio
1259 2048 1323 2112 pro
1352 2047 1433 2112 pec-

247 2161 271 2200 rs
298 2135 392 2198 catis
416 2135 571 2214 nostris,
595 2134 658 2198 sed
681 2139 717 2198 et
738 2153 803 2217 pro
826 2135 943 2199 totius
966 2135 1100 2200 mundi.

340 2236 400 2303 Sed
420 2237 509 2302 dicis:
533 2237 686 2319 quomodo
707 2242 808 2303 totum
832 2239 984 2303 mundum
1005 2239 1159 2304 redemit?
1197 2257 1267 2304 ecce
1289 2239 1432 2303 uidemus

297 2342 439 2406 homines
454 2343 487 2406 in
502 2342 638 2424 peccatis
656 2343 720 2406 suis
742 2343 859 2424 uiuere,
879 2345 1033 2425 quomodo
1048 2344 1229 2427 putabimus
1244 2344 1433 2426 redemptos,

297 2464 374 2528 quos
402 2445 543 2509 uidemus
571 2465 753 2529 permanere
781 2448 942 2531 captiuos?
987 2447 1045 2512 hoe
1075 2448 1141 2513 loco
1171 2449 1365 2513 intellectum
1395 2447 1433 2511 de

297 2551 455 2634 proposita
478 2550 681 2614 similitudine
704 2551 895 2635 colligamus.
942 2551 1028 2616 uerbi
1056 2553 1156 2636 gratia
1178 2553 1204 2616 ei
1227 2553 1349 2636 legatus
1377 2552 1434 2615 aii-

245 2682 271 2720 11
297 2654 365 2736 quis
396 2655 447 2719 uel
476 2653 620 2718 sacerdos
651 2655 877 2720 intercessurus
911 2673 966 2739 pro
1000 2656 1126 2720 ciuitate
1160 2657 1284 2740 captiua
1315 2657 1434 2741 largius

297 2758 433 2840 pretium
461 2759 580 2822 deferat
607 2762 638 2822 et
664 2759 846 2850 uniuersum
874 2760 1062 2844 captiuitatis
1091 2761 1241 2843 populum
1271 2760 1308 2824 de
1338 2777 1433 2824 manu

260 2911 263 2917 .
298 2863 362 2924 eius
378 2862 515 2943 recipiat,
532 2863 585 2944 qui
602 2862 677 2926 belli
693 2863 759 2926 iure
775 2862 940 2944 retinebat,
962 2867 993 2928 et
1012 2865 1114 2928 omnis
1134 2865 1262 2929 omnino
1281 2865 1434 2928 relaxetur

297 2965 345 3028 len
369 2983 404 3028 ac
428 2967 597 3030 necessitas
621 2967 793 3047 seruitutis,
817 2971 848 3031 et
869 2968 949 3032 inter
969 2967 1056 3048 haec,
1080 2969 1107 3032 si
1129 2969 1208 3032 forte
1228 2969 1290 3033 illic
1313 2969 1433 3051 aliquos

297 3068 335 3132 de
355 3070 484 3152 captiuis
501 3071 551 3134 uel
568 3069 733 3136 oblectatio
753 3073 986 3136 consuetudinis
1001 3073 1053 3137 uel
1073 3073 1155 3136 male
1170 3071 1304 3137 blandus
1319 3071 1433 3155 praedo

245 3199 271 3239 rs
299 3172 458 3254 sollicitet,
493 3175 664 3257 gratuitum
699 3174 884 3240 beneficium
917 3177 1131 3259 unusquisque
1161 3178 1328 3242 uoluntatis
1359 3193 1433 3241 suae

297 3295 406 3340 seruus
434 3283 571 3358 recuset,
599 3279 750 3360 numquid
773 3281 939 3344 minorauit
961 3282 1095 3365 gratiam
1118 3282 1209 3364 pretii
1236 3285 1433 3365 contemptus

298 3381 434 3463 ingrati?
487 3383 638 3464 numquid
668 3383 805 3464 aliquam
835 3384 1065 3449 beniuolentiae
1094 3385 1297 3468 redemptoris
1328 3386 1436 3450 intulit

297 3483 557 3566 deminutionem,
592 3487 643 3568 qui
677 3489 797 3570 respuit
830 3488 1028 3553 libertatem?
1078 3507 1139 3553 non
1173 3489 1218 3554 ita
1252 3493 1308 3554 ert.
1359 3489 1435 3572 quin

296 3587 392 3652 immo
420 3590 501 3653 sicut
526 3590 714 3674 redemptori
741 3595 848 3675 gratum
875 3595 979 3676 potest
1006 3611 1084 3673 esse,
1112 3593 1165 3676 qui
1191 3593 1296 3675 rediit,
1326 3594 1369 3658 ita
1396 3593 1434 3657 de

401 3759 428 3830 7]
448 3761 546 3815 Psslm.
562 3765 584 3831 l,
597 3763 620 3817 2.
688 3763 715 3832 8]
735 3763 833 3818 Psalm.
847 3767 888 3830 53,
902 3768 925 3820 8.
992 3765 1020 3834 9]
1040 3765 1152 3820 Philam.
1168 3769 1207 3822 14.
1280 3765 1323 3836 10]
1340 3767 1432 3822 Ioann.

296 3849 320 3910 6,
334 3849 374 3902 52.
431 3847 475 3917 14]
495 3851 508 3903 1
528 3848 693 3912 Ioann.2‚2.

337 4005 506 4071 tuetustarn
526 4006 553 4060 P
614 4005 714 4061 ideus
732 4008 839 4076 addidi,
858 4027 907 4065 om.
928 4007 955 4063 P
1022 4009 1228 4065 6adtinuatum
1247 4011 1274 4066 P
1342 4011 1434 4067 Seius

295 4107 431 4160 mprcecr.
451 4091 491 4146 ΡΙ
545 4091 725 4148 9fiiimonem
744 4095 772 4148 P
824 4099 855 4151 ll
874 4096 996 4165 poenitus
1014 4095 1042 4151 P
1095 4100 1126 4153 12
1145 4113 1193 4167 pro
1211 4117 1290 4154 omo
1346 4099 1434 4154 18111-

295 4175 391 4230 hannis
410 4178 437 4233 P
501 4181 532 4234 15
552 4179 661 4248 nostris]
681 4197 733 4234 non
752 4197 799 4251 pro
818 4183 915 4236 nostris
935 4187 1025 4238 autem
1043 4187 1149 4239 tautum
1167 4185 1266 4242 oddo
1336 4187 1366 4240 17
1385 4201 1435 4254 pu-

295 4262 412 4317 tauimus
425 4265 453 4318 P
504 4266 535 4320 21
555 4267 728 4336 praetiumP
779 4268 910 4326 deserato
962 4273 995 4326 22
1014 4271 1100 4326 iurao
1152 4273 1185 4328 25
1198 4271 1438 4341 unusquisquaeP

295 4351 329 4404 26
347 4351 442 4418 praetii
461 4353 489 4406 P
558 4355 752 4410 contemtusP
821 4356 854 4412 28
873 4355 1113 4414 diminutionemo
1186 4360 1220 4416 29
1239 4357 1381 4414 redemtori
1399 4359 1435 4428 P,

296 4435 505 4506 redemptoriso
