3290 5152
259 405 323 470 456
540 369 655 458 Tausti
674 403 824 472 episcopi
843 403 879 456 de
897 403 1024 457 ratione
1043 403 1130 458 fidei.

261 583 355 642 rasti
372 601 446 642 eum
462 582 563 657 paulo
579 581 693 640 minus
709 585 748 641 ab
760 581 910 656 argelle,
927 585 996 642 tuuc
1008 599 1074 656 ergo
1085 584 1165 656 patre
1178 581 1402 652 minordicatur,

265 689 378 763 quando
389 687 466 746 serui
478 687 596 746 formem
608 687 769 762 suscepisse
781 687 975 762 perscribitur,
989 689 1101 762 quando
1113 687 1197 746 etiam
1208 689 1298 746 matre
1310 688 1405 748 iunior

263 792 425 864 inuenitm·,
442 793 553 866 quando
570 794 602 851 de
614 809 645 851 se
657 792 719 867 ipso
735 792 764 850 in
777 792 911 851 uicesimo
924 792 1013 868 primo
1025 793 1133 868 psalmo
1139 793 1226 852 dicit:
1242 791 1406 852 foderunt

263 914 388 956 manns
403 913 494 956 meas
512 898 775 972 etpedesmeos,
792 896 1404 957 dinumeraberuntomniaossamea.

230 1025 242 1064 s
269 1003 343 1076 quod
358 1019 424 1076 ergo
440 1001 533 1060 minor
547 1005 628 1076 patre
644 1003 799 1061 secundum
819 1019 932 1060 carnem
954 1005 982 1061 et
1002 1003 1155 1060 secundum
1171 1002 1312 1061 hominem
1328 1019 1405 1061 nun·

267 1109 396 1182 cupetur,
413 1106 572 1166 innumeris
588 1107 793 1182 scripturarum
809 1107 982 1168 testimoniis
998 1108 1166 1167 declaratur.

311 1213 352 1272 De
368 1211 433 1271 eius
453 1211 604 1271 diuinitate
623 1212 664 1270 ita
683 1213 718 1270 ad
734 1212 829 1272 Titum
849 1213 994 1288 apostolus
1015 1213 1096 1272 dicit:
1117 1212 1278 1288 apparuit
1293 1213 1408 1288 gratia

266 1316 320 1376 dei
341 1316 535 1376 saluatoris
552 1317 679 1386 nostri,
703 1317 863 1376 etiterum:
887 1319 1089 1391 spectantes
1110 1320 1242 1377 beatam
1262 1335 1354 1392 spem
1374 1321 1409 1378 et

267 1422 450 1480 aduentum
464 1421 726 1496 gloriaemngni
739 1421 791 1480 dei
804 1421 1038 1480 etsaluatoris
1051 1423 1163 1480 nostri
1176 1422 1407 1482 lesntlbristi.

218 1548 242 1587 ιο
269 1527 397 1586 immane
411 1526 554 1602 piaculum
567 1529 621 1598 est,
638 1528 670 1584 ιιι
681 1544 731 1601 per
743 1526 870 1586 infideles
882 1527 1028 1586 hominum
1040 1527 1230 1602 blasphemias
1242 1527 1333 1586 minor
1344 1544 1410 1586 esse

269 1631 390 1704 dicatur,
412 1650 496 1707 quem
515 1650 651 1708 magnum
671 1633 752 1692 deum
768 1633 833 1707 ipsa
852 1633 959 1692 neritus
974 1633 1131 1707 profitetur.
1163 1651 1228 1692 nam
1244 1635 1273 1692 et
1287 1633 1410 1692 Thomas

269 1737 414 1813 apostolus
431 1737 462 1796 in
478 1737 626 1813 euangelio
643 1737 771 1808 Ioannis,
786 1737 835 1796 ubi
848 1741 913 1812 post
924 1737 1160 1796 resurrectionem
1172 1755 1273 1812 corpus
1285 1737 1410 1796 bominis

271 1841 397 1901 crucifixi
411 1859 462 1916 per
473 1843 617 1901 clauorum
630 1842 714 1917 signa
726 1842 869 1916 cognouit,
887 1843 978 1912 deum,
991 1841 1040 1916 qui
1052 1841 1129 1900 intra
1140 1841 1280 1900 hominem
1293 1842 1410 1912 latebat,

271 1946 427 2022 apostolica
442 1949 470 2004 et
486 1946 652 2022 euangelica
668 1947 836 2006 auctoritate
852 1946 1001 2006 confessus
1017 1949 1062 2004 est
1073 1946 1114 2004 ita
1124 1945 1236 2004 dicens:
1253 1946 1411 2005 dominus

222 2073 245 2112 re
271 2069 364 2110 mens
386 2054 419 2110 et
438 2052 520 2110 deus
541 2069 641 2110 meus.
680 2051 705 2110 si
726 2051 794 2110 tides
814 2052 898 2120 adsit,
923 2053 1021 2126 aperta
1041 2054 1086 2110 est
1099 2051 1183 2122 ratio,
1206 2069 1263 2125 qua
1278 2051 1411 2110 Christus

272 2173 350 2214 nunc
362 2155 455 2214 minor
468 2173 546 2214 nuno
558 2156 684 2230 aequalis
696 2156 771 2232 patri
785 2157 874 2215 sacris
886 2155 1079 2214 uoluminibus
1091 2159 1246 2226 asseratur,
1263 2155 1413 2230 sicutipse

273 2263 352 2320 dese
368 2261 449 2320 dicit:
466 2261 668 2336 ego-primus
685 2265 717 2320 ot
733 2261 954 2322 nouissimus.
983 2259 1179 2333 indubitanter
1191 2278 1322 2334 agnosce,
1338 2263 1413 2333 quod

275 2367 396 2442 priorem
413 2385 471 2426 non
487 2369 582 2442 potest
593 2367 706 2436 babere,
723 2367 771 2440 qui
787 2367 896 2441 primus
912 2369 964 2424 est.
993 2366 1073 2424 item:
1090 2383 1150 2440 ego
1166 2377 1236 2424 sum
1253 2384 1271 2422 α
1286 2367 1319 2422 et
1330 2383 1366 2434 ω,
1383 2367 1415 2424 et

274 2472 377 2531 sicutc
393 2472 517 2530 litteram
529 2472 610 2530 nulla
620 2473 772 2546 praecedit,
789 2472 830 2530 ita
845 2475 874 2530 et
889 2471 976 2530 filium
994 2470 1037 2529 dei
1050 2471 1121 2528 nulli
1134 2471 1286 2528 secundum
1299 2449 1416 2528 constat

222 2595 248 2636 eo
275 2595 348 2650 esse,
365 2577 432 2651 quia
447 2578 516 2636 deus
532 2579 585 2636 est.

822 2734 860 2794 II.

320 2893 393 2962 Quid
409 2891 642 2966 respondebimus
655 2891 707 2960 eis,
724 2891 773 2964 qui
786 2890 918 2964 spiritum
931 2893 1061 2948 sanctum
1074 2889 1173 2947 dicunt
1184 2888 1320 2946 minorem
1333 2889 1417 2946 deum

279 3001 338 3067 aut,
355 2998 428 3072 quod
445 2995 610 3054 sceleratius
627 2997 680 3065 est,
697 2994 912 3054 ministerialem
928 2995 1020 3069 magis
1035 3011 1119 3068 qnam
1135 2994 1216 3052 deum
1229 2995 1351 3067 abrupta
1361 2992 1418 3050 im-

278 3103 383 3176 pietate
398 3100 608 3176 pronuntiant?

226 3225 251 3264 aa
322 3211 481 3280 Resporserb.

322 3311 462 3380 Quomodo
478 3313 608 3369 creatura
623 3310 741 3379 dicetur,
758 3309 807 3383 qui
819 3308 925 3368 domini
941 3311 1050 3367 creator
1065 3325 1098 3366 ex
1110 3285 1418 3382 blaria'conprobatur,

280 3415 355 3474 sicut
378 3415 512 3488 legimus:
536 3416 724 3488 conceptus
748 3415 785 3472 de
808 3412 938 3487 spiritu
962 3413 1097 3482 sancto,
1121 3414 1224 3470 natus
1247 3429 1285 3470 ex
1307 3412 1422 3470 Maria

280 3519 428 3594 uirgine.
458 3519 588 3577 Christus
604 3518 679 3576 enim
696 3535 753 3576 non
770 3520 802 3576 de
819 3517 982 3576 substantia
998 3516 1117 3591 spiritus
1133 3515 1237 3586 saneti,
1254 3517 1302 3574 sed
1318 3517 1351 3574 de
1366 3533 1420 3590 po·

280 3623 381 3692 tentia,
399 3639 452 3682 nec
467 3624 500 3681 de
515 3622 709 3698 generatione,
734 3623 781 3680 sed
798 3621 925 3680 iussione
941 3623 969 3680 et
984 3619 1179 3680 benedictione
1195 3623 1346 3695 conceptus
1363 3623 1420 3678 est.

384 3781 622 3852 melphiten.
676 3781 930 3851 31Psa11n.21,1s.
986 3781 1013 3850 7]
1033 3779 1084 3834 Tit.
1098 3783 1122 3844 2,
1138 3783 1177 3836 ll.
1231 3781 1258 3849 8]
1273 3780 1362 3844 Titd,
1378 3783 1420 3835 13.

284 3871 327 3939 141
346 3871 548 3934 Ιοιιιιι.20,28.
604 3869 647 3938 17]
667 3869 709 3923 Es.
723 3871 764 3933 44,
778 3872 802 3923 6.
875 3868 917 3936 18]
938 3867 1018 3936 Apoc.
1034 3869 1094 3930 1,8.
1165 3867 1210 3936 27]
1230 3865 1421 3936 Symbapcst.

325 4019 415 4086 3ipse
434 4018 466 4072 de
485 4021 600 4087 seduc.
673 4016 843 4086 reposceres
861 4016 895 4070 ad
914 4016 1004 4070 Titum
1023 4017 1051 4070 P
1120 4019 1260 4070 oetaeo
1278 4014 1423 4068 saluatoris

283 4106 374 4161 danP
439 4109 470 4160 1o
489 4105 605 4158 infidelis
623 4105 739 4158 hominis
759 4107 830 4175 Aap.
904 4107 935 4159 19
954 4103 1044 4156 littera
1061 4104 1132 4172 Aop.
1205 4105 1239 4156 22
1257 4101 1350 4156 dicunt
1369 4102 1422 4155 mi—

284 4208 374 4246 norem
394 4191 484 4260 deum]
504 4195 551 4245 aut
569 4192 699 4246 minorem
719 4191 811 4245 dicunt
831 4193 901 4260 Any.
955 4192 989 4245 26
1007 4189 1105 4243 dieitur
1122 4191 1193 4260 Aup.
1251 4191 1285 4244 28
1303 4191 1337 4256 os.
1350 4189 1423 4243 Bre-

284 4282 353 4334 uiar.
368 4297 397 4348 p.
413 4283 480 4334 231.-
502 4295 554 4331 nou
577 4279 648 4332 enim
670 4278 847 4346 generatione,
872 4277 917 4331 sed
942 4276 1055 4332 iussione
1078 4281 1105 4330 et
1127 4275 1309 4330 benedictione
1332 4275 1421 4329 sancti

283 4365 392 4440 spiritus
410 4369 551 4435 conceptus
568 4369 609 4420 cst
626 4365 750 4423 Christus
804 4367 838 4421 29
857 4364 889 4418 de
908 4382 959 4420 οιιι.
974 4367 1044 4436 Aop.
