3264 5134
658 493 755 548 Liber
773 494 787 548 I
807 499 914 552 10-11.
1315 499 1354 563 37

212 670 300 732 ratur
322 672 353 732 et
369 669 421 734 ille
437 669 630 754 despicitur?
666 674 792 755 propter
815 671 874 737 hoo
897 673 1015 756 utique,
1039 674 1110 756 quia
1133 677 1165 738 et
1187 675 1239 738 ille
1263 676 1356 740 deum

212 772 384 856 glorificare
407 775 519 857 potuit,
543 776 595 856 qui
618 775 724 840 intulit
745 779 978 859 contumeliam,
1004 781 1035 842 et
1059 779 1118 844 iste
1147 782 1356 860 contemnere,

213 878 265 960 qui
295 876 407 943 detulit
436 879 583 963 gloriam,
615 881 688 962 quia
716 881 839 964 placere
869 883 994 947 domino
1022 883 1078 947 deo
1109 901 1165 947 suo
1196 887 1227 948 et
1256 885 1359 968 potuit

214 983 306 1064 nolle,
329 983 383 1066 qui
398 983 507 1064 uoluit,
532 987 563 1048 et
578 986 680 1067 potuit
694 987 785 1067 uelle,
810 987 862 1068 qui
885 987 994 1052 uoluit.
1035 1005 1092 1051 nec
1113 991 1205 1070 putes
1228 989 1278 1053 hic
1301 1006 1357 1053 ua-

213 1091 301 1152 turae
329 1107 398 1152 esse
422 1088 613 1153 distantiam.
651 1091 717 1173 ipse
741 1093 800 1171 est,
828 1091 882 1172 qui
905 1092 984 1172 uult,
1012 1092 1088 1174 ipse,
1117 1092 1170 1174 qui
1192 1111 1254 1158 non
1278 1094 1356 1159 uult.
1396 1120 1409 1159 s

255 1191 394 1275 Quisque
417 1211 491 1277 crgo
505 1196 633 1258 renatus
648 1195 682 1258 in
699 1193 832 1276 Christo,
856 1196 918 1260 nisi
933 1196 1019 1279 prius
1036 1197 1130 1261 fucrit
1144 1214 1201 1262 uas
1218 1199 1357 1263 malitiae

213 1317 267 1380 per
289 1297 414 1380 culpam
436 1299 604 1382 propriam,
632 1317 689 1363 uas
718 1298 855 1364 offensae
885 1303 918 1365 et
946 1301 1011 1365 irae
1041 1320 1110 1366 csse
1141 1319 1203 1366 non
1231 1303 1354 1385 poterit.

213 1407 243 1466 ct
266 1421 282 1466 e
306 1403 469 1482 contrario,
492 1406 528 1467 ut
550 1403 606 1467 fiat
628 1422 684 1468 uas
708 1404 948 1486 misericordiae,
971 1406 1056 1488 prius
1080 1406 1205 1470 futurus
1229 1411 1278 1471 est
1300 1426 1356 1472 uas

211 1506 437 1588 oboedientiae,
468 1511 504 1572 ut
530 1508 790 1591 praecedentibus
821 1509 924 1574 causis
955 1510 1030 1574 iusti
1060 1511 1169 1576 iudicis
1201 1513 1357 1577 sententia

211 1611 431 1694 subsequatur.
470 1613 672 1678 ostendamus
700 1631 756 1678 uas
784 1615 992 1680 contumeliae
1015 1615 1047 1678 in
1072 1633 1127 1680 uas
1151 1615 1278 1681 honoris
1301 1617 1355 1680 ad·
1383 1643 1409 1682 ro

210 1717 322 1782 iutorio
353 1717 401 1780 dei
429 1720 461 1782 et
488 1718 588 1782 studio
617 1736 672 1782 suo
699 1718 792 1802 posse
815 1719 968 1784 transire:
1003 1720 1048 1800 si,
1080 1720 1199 1802 inquit,
1230 1721 1355 1785 dixero

210 1821 342 1905 impio:
366 1825 483 1886 morte
506 1822 693 1904 morieris,
722 1827 757 1888 ct
784 1824 904 1908 egerit
925 1824 1200 1906 paenitentiam
1231 1843 1250 1889 a
1276 1844 1355 1909 pec-

211 1929 297 1991 cato
321 1944 386 1990 suo
409 1927 618 2010 feceritque
641 1928 822 1993 iudicium
851 1932 887 1993 et
913 1928 1118 2010 iustitiam,
1146 1930 1227 1994 uita
1252 1930 1356 1994 uiuet

211 2035 248 2095 et
278 2050 348 2096 non
379 2032 570 2096 morietur.
613 2032 688 2114 quid
720 2035 768 2096 est
798 2033 912 2116 impius
943 2033 1003 2098 nisi
1035 2052 1090 2098 uas
1123 2035 1354 2099 contumeliae?

210 2155 281 2200 ecce
304 2155 359 2219 per
381 2137 555 2200 remedium
579 2138 788 2220 paenitentiae
811 2137 915 2202 subito
935 2138 1105 2203 honoratur
1128 2139 1260 2203 candore
1283 2158 1355 2224 gra·
1382 2165 1407 2206 rs

209 2243 271 2306 tiae
295 2245 326 2305 et
349 2241 487 2305 induitur
510 2241 620 2306 decore
651 2242 798 2322 iustitiae,
826 2247 861 2307 ut
887 2246 1086 2326 peccatorum
1114 2244 1200 2308 faece
1232 2245 1354 2308 detersa

211 2345 405 2410 confidenter
427 2347 525 2430 possit
548 2347 649 2412 dicere
677 2365 748 2411 cum
775 2349 944 2431 propheta:
977 2367 1154 2432 asperges
1186 2367 1242 2412 me
1272 2349 1354 2432 hys·

209 2469 298 2535 sopo
327 2455 364 2516 et
391 2451 610 2532 mundabor,
642 2452 790 2516 lanabis
818 2472 873 2516 mc
904 2456 940 2517 et
966 2472 1076 2537 super
1105 2453 1228 2517 niuem
1256 2453 1353 2518 deal-

209 2555 334 2620 babor.
382 2555 454 2619 audi
477 2557 664 2638 apostolum,
696 2557 849 2638 quomodo
880 2557 1019 2621 dealbari
1049 2575 1140 2640 posse
1171 2558 1353 2640 pronuntiat

210 2661 350 2725 maculas
373 2661 593 2741 conscientiae,
617 2665 653 2725 ut
668 2661 705 2726 de
722 2679 796 2725 uase
819 2661 994 2744 iniquitatis
1018 2680 1074 2726 uas
1098 2661 1352 2726 sanctificationis
1380 2689 1405 2729 eo

210 2769 376 2849 appareat:
407 2765 444 2829 in
472 2766 591 2846 domo,
619 2767 730 2848 inquit,
760 2783 985 2850 magnanon
1010 2768 1130 2830 solum
1154 2770 1354 2830 suntuasa

209 2889 323 2935 aurea
346 2873 381 2934 et
404 2873 595 2954 argentea,
624 2871 685 2935 sed
715 2875 751 2934 et
772 2871 898 2955 lignea
920 2873 956 2934 et
979 2871 1130 2952 fictilia,
1153 2868 1254 2956 (alia)
1277 2873 1353 2954 qui-

209 2975 291 3040 dem
314 2975 350 3038 in
374 2974 563 3064 honorem,
590 2976 665 3039 alia
688 2993 774 3039 uero
798 2975 833 3038 in
857 2976 1131 3040 contumeliam.
1163 2976 1277 3041 adtolle
1301 2995 1352 3041 cor

208 3079 345 3144 liberum
369 3079 407 3143 ab
431 3078 610 3144 inmutabili
633 3080 831 3160 necessitate,
855 3079 995 3144 humana
1010 3080 1154 3161 conditio,
1172 3084 1203 3144 et
1219 3099 1352 3165 agnosce

209 3185 292 3248 circa
314 3184 449 3248 salutem
472 3183 607 3248 hominis
632 3184 747 3248 domini
776 3185 821 3248 tui
843 3185 1035 3249 ineffabilem
1058 3185 1240 3250 bonitatem.
1279 3203 1352 3249 cum
1379 3213 1405 3254 re

210 3289 356 3354 dixisset:
386 3289 459 3352 alia
486 3289 632 3371 quidem
656 3289 692 3352 in
716 3289 908 3368 honorem,
940 3290 1015 3354 alia
1041 3309 1128 3354 uero
1159 3291 1195 3354 in
1226 3293 1352 3354 contu·

209 3395 375 3474 meliam,
398 3411 527 3458 manum
551 3395 617 3477 spei
639 3393 784 3458 fidelibus
808 3395 928 3477 aperuit
951 3413 986 3459 ac
1008 3395 1155 3460 dilatauit
1169 3395 1213 3460 ita
1228 3395 1351 3458 dicens:

208 3499 303 3580 quod
328 3499 463 3580 siquis
487 3517 525 3562 se
549 3517 589 3561 ex
611 3498 669 3562 his
693 3499 975 3583 expurgauerit,
1000 3500 1071 3563 erit
1093 3519 1157 3563 uas
1181 3500 1218 3564 in
1241 3500 1352 3564 hono-

208 3621 285 3668 rem
309 3602 603 3667 sanctificatum.

313 3792 357 3861 rr]
377 3791 469 3846 saeeu.
484 3793 526 3856 aa,
541 3793 579 3848 14.
645 3792 688 3862 rr]
708 3791 808 3846 esum.
827 3795 905 3856 soe.
972 3792 1018 3862 er]
1038 3794 1055 3848 a
1074 3791 1235 3858 museo.
1303 3793 1349 3863 ae]

207 3878 405 3942 armam.

251 4051 427 4123 ldispicitur
445 4055 473 4108 P
523 4053 631 4122 ntiquae
651 4055 677 4108 P
728 4051 769 4106 illi
787 4054 815 4107 P
870 4057 966 4124 5pcat
984 4055 1099 4110 aueum
1118 4055 1173 4124 ipse
1192 4055 1256 4109 add.
1276 4057 1351 4110 estc

205 4139 368 4208 aquisquae
388 4140 416 4194 P
467 4143 549 4196 'luas
568 4158 654 4196 onec
708 4141 741 4196 13
759 4139 920 4208 feceritquae
939 4140 967 4193 P
1025 4144 1056 4197 17
1075 4141 1194 4210 aspargis
1212 4142 1241 4195 P
1295 4141 1350 4210 me]

205 4253 313 4307 domine
332 4253 433 4308 acue
485 4269 567 4322 ysopo
587 4255 613 4308 Ρ
664 4255 698 4308 aa
717 4219 787 4306 rubea
806 4253 833 4306 P
888 4253 940 4306 uia
958 4253 1065 4322 musco,
1084 4272 1134 4310 om.
1155 4254 1183 4308 P
1242 4251 1350 4320 quidem

203 4367 312 4436 scripsi,
331 4369 365 4436 cs.
381 4367 397 4422 l.
411 4371 454 4435 26,
473 4365 538 4436 quid
557 4367 628 4420 enim
648 4367 675 4420 P
726 4365 789 4436 quid
809 4366 880 4422 enim
900 4365 952 4420 eliu
971 4369 1034 4422 sunt
1054 4381 1150 4424 uasao
1207 4367 1241 4423 27
1261 4331 1348 4420 diliba-

206 4454 293 4510 uitP
