3244 5130
626 487 676 543 111.
695 489 847 559 Epistula
864 493 888 547 8.
1226 571 1230 584 ἱ
1262 495 1326 560 209

187 661 264 742 nitu,
296 662 377 727 sieut
398 662 451 727 ille
474 667 532 744 est,
564 681 626 728 non
649 683 768 730 sumus.
814 665 890 732 iusti
913 685 983 732 esse
1003 685 1181 752 possumus,
1211 671 1328 736 iustitio

188 785 257 830 esse
285 784 348 831 non
370 785 548 850 possumus.
594 769 646 834 ille
669 770 738 834 ideo
761 771 903 854 simplex,
934 773 1007 855 quis
1029 772 1107 837 nihil
1131 775 1158 838 ei
1182 793 1217 838 cx
1241 793 1328 839 acoe-

188 871 274 936 denti
292 871 438 956 lergitsto
458 872 618 938 conlatum
638 877 695 938 est,
734 875 789 956 qui
812 893 848 938 er
871 895 904 940 se
928 876 1080 958 subsistit,
1104 878 1227 942 aliunde
1250 877 1329 944 nibil

188 976 333 1060 sumpsit.
380 976 456 1041 deus
487 981 520 1041 et
549 977 659 1042 uiuens
690 979 807 1061 pariter
829 977 904 1064 (est)
934 983 965 1044 et
988 981 1064 1062 uite,
1095 981 1196 1047 bonus
1219 985 1251 1047 ct
1272 983 1328 1048 bo·

188 1083 282 1162 nitus,
312 1081 487 1146 misericors
518 1085 549 1146 et
579 1081 799 1148 misericordie.
845 1083 877 1147 in
901 1085 1052 1150 uirtutum
1080 1103 1208 1150 suerum
1231 1088 1329 1171 glorie
1367 1114 1380 1154 r

188 1187 248 1252 hoc
271 1190 320 1252 est
342 1187 421 1269 ipse,
444 1186 525 1268 quod
548 1187 695 1270 possidet.
730 1187 825 1252 uerbo
849 1191 940 1253 tenus
964 1189 1057 1255 homo
1080 1190 1246 1256 deauratus
1269 1195 1328 1273 est,

189 1291 265 1358 deus
295 1309 408 1356 eurum
438 1294 494 1356 est.
541 1291 624 1373 quod
653 1292 686 1356 iu
715 1292 842 1356 homine
869 1294 971 1377 gretie
993 1297 1050 1375 cst,
1081 1295 1114 1359 in
1137 1295 1193 1360 deo
1216 1299 1330 1362 netum

189 1399 238 1460 est
267 1400 299 1461 et
327 1399 501 1480 propterea,
533 1395 608 1478 quio
637 1395 715 1460 nihd
746 1397 773 1460 ei
801 1397 991 1462 extrinsecus
1022 1399 1163 1480 occessit,
1194 1400 1270 1465 nihil
1302 1401 1329 1465 ei

189 1500 310 1566 donum
332 1503 446 1584 potest.
487 1499 712 1565 detrimentum
734 1518 796 1566 non
820 1502 938 1586 recipit,
962 1503 1036 1585 quie
1058 1503 1157 1569 nescit
1178 1521 1329 1588 augmen-

188 1609 269 1671 tum.
313 1605 380 1688 ipse
402 1608 434 1670 et
457 1602 517 1670 sibi
540 1607 647 1670 auctor
670 1607 701 1669 et
723 1605 795 1686 lilio,
821 1606 979 1688 quisunt
1002 1607 1086 1692 origo
1110 1611 1158 1672 est
1181 1612 1212 1673 et
1234 1609 1328 1674 fontis
1357 1635 1381 1675 ιο

190 1715 222 1775 et
243 1709 392 1775 fluminis.
429 1728 465 1774 er
487 1709 546 1790 his,
569 1726 649 1791 quse
672 1707 790 1792 absque
812 1711 900 1776 initio
922 1710 1049 1794 hebent,
1073 1713 1249 1778 communio
1272 1717 1329 1794 est,

189 1815 360 1880 transfusio
383 1832 446 1880 non
469 1817 526 1879 cst.
1147 1865 1149 1872 ,

233 1919 274 1984 111
303 1920 376 2002 quio
406 1919 444 1984 de
474 1917 537 1982 lilio
564 1919 713 2002 legimus:
745 1920 921 2002 splendor
952 1925 1009 1985 est
1038 1921 1227 1987 claritatis
1258 1921 1330 2003 dei,

191 2026 271 2090 siem
300 2041 474 2106 numquam
502 2023 577 2087 deus
601 2023 668 2088 sine
691 2023 865 2107 splendore,
897 2024 942 2089 ite
964 2029 1053 2108 peter
1075 2044 1248 2108 numquam
1271 2026 1332 2090 fuit

191 2131 259 2195 sine
281 2128 338 2194 filii
361 2128 534 2193 maiestate.
574 2131 605 2192 et
628 2128 708 2193 sicut
729 2129 891 2210 utriusque
915 2147 1074 2211 aequaeuo
1096 2133 1170 2194 sunt
1193 2131 1330 2211 nomino,
1358 2156 1383 2197 n
1475 2155 1479 2162 ·

191 2235 253 2300 nisi
275 2233 360 2298 enim
383 2233 442 2297 iste
465 2235 655 2313 nasceretur,
678 2235 767 2315 peter
790 2233 843 2297 ille
866 2251 928 2298 non
951 2233 1114 2314 diceretur,
1137 2235 1182 2299 ite
1197 2252 1248 2299 eos
1265 2235 1331 2298 sine

191 2338 389 2422 soporatione
411 2337 551 2402 continet
580 2338 671 2402 unius
700 2337 897 2420 paternitatis
921 2338 1099 2420 antiquitas.
1139 2357 1176 2402 er
1197 2339 1251 2403 illo
1274 2343 1331 2420 est,

191 2443 247 2509 sed
278 2442 430 2528 posterior
456 2441 509 2506 illo
533 2458 594 2506 non
619 2445 676 2522 cst,
707 2441 788 2506 sicut
810 2442 905 2506 facies
928 2442 966 2506 de
989 2443 1090 2524 capite
1114 2444 1252 2507 nascitur
1275 2461 1332 2507 nce

192 2553 300 2613 tomen
331 2547 432 2631 cupite
462 2564 518 2610 suo
548 2546 648 2610 iunior
678 2546 845 2611 inuenitur.
891 2563 928 2610 ee
959 2545 1003 2610 sic
1033 2546 1108 2610 deus
1140 2550 1245 2612 noster
1275 2563 1332 2611 nec

193 2653 366 2738 permixtus
388 2652 420 2716 in
444 2651 584 2733 personis
608 2651 739 2735 propriis
762 2669 820 2715 nee
842 2651 972 2731 diuisus,
996 2669 1059 2715 una
1081 2651 1182 2716 uirtus
1206 2669 1264 2714 nee
1280 2669 1335 2734 po-
1361 2678 1387 2718 so

193 2761 308 2824 testate
338 2757 439 2821 diuise
469 2775 526 2819 nec
557 2759 695 2839 tempore
726 2755 808 2820 sicut
838 2755 870 2820 in
901 2755 1105 2820 subsistentia
1135 2755 1246 2838 triplex
1277 2758 1334 2835 est,

193 2863 268 2945 quie
290 2861 350 2926 sibi
373 2860 503 2942 quisque
527 2858 682 2940 subsistit,
705 2860 749 2924 ito
772 2859 804 2924 in
828 2859 1005 2924 substantio
1028 2859 1159 2943 simplex
1181 2864 1239 2940 est,
1262 2859 1337 2941 quis

194 2985 276 3032 unus
300 2985 334 3030 se
357 2965 461 3048 ipsum
485 2963 669 3048 praecedere
693 2964 836 3028 nesciens
860 2982 917 3028 nec
936 2965 1140 3046 posteriorem
1156 2963 1263 3045 recipit
1278 2981 1336 3028 uec

193 3072 339 3155 priorem.
384 3069 457 3132 inde
487 3072 519 3133 et
550 3086 606 3133 nos
637 3068 675 3132 de
706 3069 766 3132 hac
795 3068 972 3150 accepimus
1003 3067 1213 3152 simplicitate,
1248 3069 1274 3132 si
1304 3069 1336 3132 in

195 3174 285 3241 nobis
319 3173 397 3238 nihil
431 3173 471 3237 sit
501 3173 677 3253 dissonum,
712 3172 789 3238 nibil
821 3172 958 3252 uarium,
993 3172 1071 3237 nihil
1101 3172 1275 3252 diuersum,
1310 3172 1335 3236 si
1362 3197 1388 3237 rs

195 3299 320 3363 semper
350 3278 433 3342 idern
464 3297 533 3342 esse
563 3276 776 3361 probabilibus
807 3277 917 3341 studiis
945 3280 975 3340 et
997 3277 1134 3342 fundetis
1157 3277 1188 3341 in
1212 3275 1336 3343 Christo

195 3383 340 3449 sensibus
372 3382 536 3463 enitamur,
566 3385 601 3446 ut
631 3381 833 3446 inmutabiles
863 3383 894 3446 in
925 3381 1006 3446 bono
1036 3382 1126 3446 nouis
1157 3385 1282 3446 tentum
1304 3382 1336 3445 in

196 3488 278 3552 diem
301 3485 493 3570 profectibus
517 3486 719 3550 inmutemur.

239 3593 288 3657 De
319 3609 355 3656 eo
383 3593 500 3671 sutem,
530 3590 761 3673 quodquidam
784 3589 1012 3673 prouocationis
1036 3607 1140 3654 umore
1171 3589 1336 3669 consuluit,

197 3697 361 3762 salutifero
390 3699 422 3760 et
451 3695 590 3779 perfecta
619 3694 780 3760 meditatio
810 3698 859 3759 est
889 3712 978 3759 cures
1009 3693 1106 3759 enimi
1137 3694 1252 3778 partito
1282 3711 1337 3777 per
1364 3719 1390 3759 so

305 3858 348 3929 13]
368 3858 448 3914 Hebr.
463 3863 486 3924 1,
499 3861 523 3914 3.

244 4012 332 4066 lnon
348 4025 373 4075 o,
391 4009 481 4064 nosS
541 4008 617 4062 test
634 4006 742 4074 addidi,
761 4007 855 4064 συιδ
917 4004 1094 4074 9reeepit8
1155 4003 1340 4074 augmentiS

202 4099 230 4152 11
250 4098 279 4150 et
299 4094 342 4149 his
360 4095 515 4164 Kopioclriue
587 4095 618 4150 15
641 4092 691 4147 filii
715 4111 748 4150 cor
770 4092 869 4150 finos
936 4092 1095 4162 nequeneS
1165 4093 1196 4147 17
1218 4091 1338 4146 continet

199 4185 307 4255 scripsi,
325 4181 435 4237 concillo
454 4183 484 4250 S,
503 4185 605 4238 coercet
616 4181 776 4248 Memorem,
795 4180 945 4236 concitato
999 4182 1031 4236 19
1050 4177 1338 4249 septemforme

201 4271 237 4325 sic
251 4271 411 4337 Mommsen,
429 4269 489 4326 siS
539 4271 571 4324 21
593 4267 680 4323 diuise
697 4285 720 4338 o,
740 4267 868 4324 moinus
919 4265 1093 4320 subsistentis
1110 4283 1134 4336 v,
1153 4264 1340 4321 substautias

201 4359 355 4414 chttee
425 4354 568 4426 trcplexS
636 4358 670 4412 22
688 4359 827 4412 estmoe
897 4355 931 4410 23
948 4352 1131 4424 precedere&
1199 4351 1341 4420 recepitS

201 4447 234 4502 27
254 4443 464 4500 inmutabilied
513 4445 547 4500 29
565 4442 766 4514 pmuoornones
785 4443 822 4498 8¹
875 4439 1049 4499 consuluit&

254 4539 306 4584 xxi.
322 4539 394 4582 muns.
1152 4529 1183 4586 lt
