3222 5144
677 486 744 543 IIII.
763 485 872 540 Sermo
891 489 914 542 8.
1302 485 1367 550 253

223 665 437 728 monstratura
453 663 605 745 perduxit.
641 665 798 745 spectetur
815 661 873 726 sub
897 660 1008 725 humili
1030 661 1154 745 tugurio
1178 677 1266 724 sacra
1288 661 1367 724 nati-

224 768 316 831 uitas.
357 767 503 832 adoratur
530 768 561 832 in
589 767 712 850 pennis,
741 767 794 848 qui
821 767 921 850 fulget
950 766 982 829 in
1013 766 1121 830 stellis.
1162 765 1305 830 adoratur
1335 765 1367 829 in

223 871 347 955 pannis,
360 872 392 936 id
405 875 454 936 est
466 871 524 936 sub
539 871 709 936 abiectione
723 870 929 954 corruptionis
942 869 1097 934 humanae
1110 869 1259 934 inuiolata
1271 869 1368 932 maie-

224 979 301 1040 stas.
328 977 486 1040 reueletur
502 977 651 1040 innuente
675 976 822 1058 mysterio
846 975 970 1038 diuinae
994 973 1221 1038 misericordiae
1245 973 1368 1056 magni-

225 1081 302 1144 tudo
325 1081 356 1144 in
381 1099 426 1160 eo,
451 1080 532 1162 quod
555 1080 594 1144 ad
619 1079 779 1145 Christum
801 1081 937 1161 primum
961 1077 1143 1161 Aethiopes,
1165 1078 1197 1141 id
1220 1081 1269 1142 est
1290 1097 1368 1162 gen,-
1408 1105 1420 1144 a

224 1185 295 1249 tiles
312 1184 537 1268 ingrediuntur.
563 1185 704 1268 gentium
719 1184 875 1266 primitiae
889 1187 1110 1248 consuerentur
1125 1182 1157 1246 in
1174 1181 1366 1265 agnitionem

224 1289 383 1368 ueritatis,
422 1307 613 1373 synagogam
648 1288 835 1352 ludaeorum
868 1287 1027 1370 praecedit
1061 1287 1192 1351 ecclesia
1224 1289 1366 1370 gentium

222 1395 344 1476 peccati
368 1397 460 1458 erute
482 1393 672 1476 nigritudine
697 1396 728 1456 et
749 1392 821 1456 fidei
844 1392 1002 1456 induenda
1023 1391 1165 1456 candore.
1210 1391 1286 1456 haec
1309 1394 1367 1456 ita·

222 1499 332 1580 quein
352 1498 512 1581 praesepio
529 1499 663 1562 salutem
679 1501 819 1561 nostram
836 1497 961 1579 expetit.
986 1496 1124 1578 quidest
1146 1495 1214 1576 hoo,
1238 1497 1319 1578 quod
1335 1498 1366 1560 in

220 1621 372 1686 praesepe
393 1603 529 1666 salntem
550 1605 690 1666 nostram
710 1601 847 1684 expetit?
893 1600 923 1664 id
940 1604 988 1664 est
1002 1601 1068 1664 fera
1084 1601 1168 1684 prius
1192 1599 1366 1664 infidelium
1393 1627 1419 1666 ιο

219 1707 407 1789 populorum
438 1706 605 1770 multitudo
633 1706 716 1770 intro
748 1704 895 1768 ecelesiae
926 1704 1087 1768 stabulum
1120 1707 1246 1788 recepta
1276 1723 1366 1770 man·

222 1811 351 1874 suescit.
397 1811 506 1874 ludaei
529 1810 654 1891 quidem
683 1810 855 1893 gloriantur
877 1809 998 1872 cultum
1020 1826 1115 1892 penes
1140 1827 1173 1872 se
1197 1827 1265 1872 esse
1288 1808 1366 1872 diui·

222 1933 312 1994 num,
336 1914 390 1978 sed
412 1914 505 1997 primi
527 1914 623 1997 legati
645 1913 788 1997 gentium
810 1913 919 1976 uident
935 1911 1105 1977 Christum.
1137 1930 1232 1994 quare
1252 1913 1365 1995 primi?

223 2019 299 2100 quia
325 2037 421 2082 sanus
445 2017 612 2082 Christiani
639 2018 746 2082 oculus
774 2018 877 2082 lucem
901 2017 1050 2099 sequitur,
1078 2016 1265 2080 ludaeorum
1293 2035 1366 2082 uero

225 2127 390 2206 corruptus
414 2124 545 2187 intuitus
567 2125 636 2206 ipsa
657 2124 725 2186 luce
741 2122 941 2186 subtunditur
957 2125 988 2185 et
1011 2140 1103 2205 aeger
1119 2119 1247 2186 obtutus
1270 2122 1365 2186 inlato
1395 2146 1420 2186 re

225 2227 348 2292 lumine
371 2229 472 2311 magis
496 2227 692 2292 tenebrescit.

270 2332 396 2396 Interea
418 2331 510 2396 beata
532 2331 647 2414 legatio
670 2331 852 2413 perductam
876 2349 909 2394 se
932 2331 971 2396 ad
994 2349 1084 2395 sacra
1106 2329 1262 2395 cunabula
1283 2330 1367 2395 radio

226 2437 362 2520 desuper
385 2439 528 2500 currente
557 2435 698 2500 miratur.
745 2439 883 2499 extrema
910 2454 988 2518 gens
1010 2434 1092 2499 bono
1119 2435 1243 2517 publico
1266 2435 1368 2518 prima

223 2541 347 2604 fruitur.
394 2557 488 2623 quam
519 2539 673 2620 stupenda
700 2539 878 2623 dignatione
902 2539 983 2602 inter
1012 2539 1172 2621 amplexus
1202 2539 1367 2622 genetricis

223 2645 405 2725 includitur,
433 2644 486 2726 qui
509 2647 624 2708 terram
647 2644 831 2724 caelumque
854 2643 1068 2725 conplectitur,
1100 2643 1131 2706 in
1159 2642 1229 2707 sinu
1257 2642 1367 2707 matris
1393 2669 1419 2708 so

223 2749 314 2830 latet,
337 2750 390 2830 qui
404 2767 537 2832 regnum
553 2748 652 2831 patris
674 2747 800 2812 excedit.
837 2767 892 2830 per
915 2747 1044 2829 simplex
1067 2746 1205 2811 officium
1227 2747 1366 2828 spiritale

224 2854 384 2918 reueletur
400 2871 558 2932 arcanum,
574 2853 753 2916 humanitas
770 2851 915 2931 cernitur,
933 2851 1079 2916 diuinitus
1095 2851 1250 2915 adoratur.
1283 2851 1367 2914 exhi-

223 2957 303 3022 bent
335 2976 445 3021 aurum
478 2961 509 3020 et
539 2961 590 3020 tus
621 2960 654 3020 et
685 2974 821 3039 myrram
855 2956 926 3038 plus
957 2956 989 3020 in
1020 2956 1178 3038 mysteriis
1208 2972 1301 3037 quam
1334 2955 1366 3018 in

224 3061 424 3126 conscientiis
448 3061 623 3126 offerentes.
662 3061 694 3126 iu
718 3060 784 3124 auri
807 3079 935 3124 munere
958 3061 1045 3143 regia
1067 3060 1211 3144 dignitas,
1235 3059 1267 3122 in
1289 3059 1366 3122 turis

225 3184 341 3249 uapore
373 3166 479 3229 diuina
508 3165 667 3245 maiestas
699 3165 731 3228 in
759 3181 882 3247 myrrae
905 3165 1007 3247 specie
1036 3164 1215 3246 sepelienda
1237 3163 1367 3228 demon·
1393 3189 1418 3228 er

225 3273 343 3334 stratur
364 3270 553 3334 humanitas.
586 3288 621 3332 ac
644 3269 689 3334 sie
712 3269 885 3333 trinitatem
909 3269 1073 3334 oblationis
1097 3287 1245 3334 numerus
1267 3267 1367 3350 loqui-

224 3379 287 3454 tur,
311 3374 466 3438 unitatem
488 3374 612 3438 deuotio
636 3391 699 3437 una
721 3376 863 3438 testatur.

270 3477 318 3542 hc
348 3497 402 3562 per
433 3478 491 3542 hoc
520 3477 666 3561 peruigili
696 3478 870 3542 intentione
901 3478 1000 3542 cordis
1031 3479 1152 3542 caelum
1183 3479 1365 3542 studeamus

225 3583 379 3666 aspicere,
411 3583 438 3646 si
469 3581 508 3646 ad
541 3581 699 3646 Christum
732 3582 875 3664 cupimus
905 3581 1078 3664 peruenire.
1135 3581 1247 3666 dirigat
1277 3583 1365 3646 nobis

272 3825 435 3894 lopectatur
448 3823 510 3878 Mai
557 3823 666 3892 tugurio
677 3825 750 3893 Mai,
762 3823 888 3893 tel'ogorio
901 3825 931 3878 D
976 3824 1160 3880 3humaueD
1206 3823 1367 3880 ldiuiueD

223 3910 433 3980 5etthiopesD
486 3910 674 3979 dprimitieD
726 3911 929 3980 isinagogtD
979 3910 1128 3980 pcaeditD
1171 3913 1213 3978 Ι12
1231 3913 1367 3980 peneseD

227 4001 259 4054 14
277 3996 380 4069 lnceD
434 3999 465 4053 15
484 3995 919 4052 subtunditurecsullunditurD
972 3999 1076 4066 egerD
1130 4000 1162 4054 18
1175 4001 1367 4055 currentemD

224 4083 333 4154 puplico
354 4085 384 4140 D
450 4087 482 4140 le
501 4083 620 4153 dignatio
639 4084 711 4154 Aug.
724 4087 756 4138 in
772 4101 848 4140 omn.
862 4086 957 4155 spuerio
976 4089 1034 4150 135,
1047 4090 1072 4149 5,
1089 4085 1137 4139 uhi
1155 4087 1220 4142 hoec
1236 4088 1367 4142 samonis

220 4189 291 4242 pers
303 4172 417 4238 (interea
428 4169 507 4225 beata
519 4171 687 4241 legatio-p.
697 4175 758 4239 254,
768 4175 785 4226 5
797 4171 965 4240 corruptione
978 4171 1122 4239 custodiat)
1135 4173 1233 4242 lepttm
1268 4175 1301 4228 20
1314 4175 1366 4226 ter-

224 4261 308 4328 raique
325 4259 365 4314 D¹
430 4260 462 4314 21
482 4256 598 4328 complex
617 4260 646 4313 D
709 4260 743 4314 22
762 4258 878 4312 archanis
898 4260 927 4313 D
990 4260 1024 4314 23
1043 4259 1071 4312 in
1089 4261 1159 4329 Aug.
1179 4261 1249 4327 Mai,
1267 4277 1318 4314 om.
1339 4261 1367 4314 D

224 4343 373 4414 escrignes
391 4346 421 4401 D
472 4347 507 4400 25
526 4345 606 4400 mirre
625 4347 654 4400 D
706 4347 740 4400 27
759 4346 889 4400 unitatem
908 4348 979 4416 Aug.
998 4347 1069 4414 Mai,
1087 4345 1255 4414 iniquitatem
1275 4347 1311 4413 D,
1329 4363 1367 4400 oa

226 4431 425 4500 uuaequitatem
444 4432 647 4500 (uniquitatem)
664 4433 857 4490 scabendum?
909 4435 942 4489 28
961 4432 1112 4486 studiamus
1131 4433 1160 4487 D
