3268 5142
529 493 753 564 Epistularum
770 492 853 548 lib.I
872 495 980 550 11-12.
1257 492 1321 558 365

183 671 299 753 geretis
323 687 392 734 eam
416 687 478 734 non
500 687 555 752 pro
580 671 772 752 eloquentiae
794 671 909 754 lepore,
935 671 990 734 sed
1011 688 1067 753 pro
1090 673 1194 735 uestro
1217 687 1321 735 amore

184 774 353 855 copiosam,
387 775 553 856 simulque,
588 775 660 857 quia
690 773 828 840 sciebam
858 773 1084 839 sublimitatem
1117 777 1256 838 uestram
1290 774 1323 838 in

185 877 295 942 amicis
330 879 444 943 uestris
475 879 546 962 plns
579 879 805 962 reprehendere
838 879 1060 944 taciturnitatis
1093 879 1322 960 uerecundiam,

185 1000 281 1064 quam
304 983 467 1066 loquacem
489 983 713 1048 familiaritatis
738 984 908 1048 audaciam.

717 1139 789 1204 XII.

430 1283 539 1325 DOMNO
562 1283 712 1325 andremo
735 1283 785 1326 sm
809 1283 905 1326 OELSO
929 1281 1082 1326 RUBIOIUS.

231 1399 363 1483 Trepido
386 1401 419 1464 in
440 1402 640 1482 praeconium
663 1405 804 1466 uestrum
827 1419 861 1466 os
885 1401 1007 1484 elingue
1023 1419 1172 1482 reserare,
1195 1400 1246 1464 cui
1261 1400 1324 1465 seio

187 1507 254 1568 iure
278 1506 374 1570 etiam
396 1507 521 1590 ingenia
544 1507 662 1570 maiora
684 1505 896 1570 succumbere.
932 1505 1006 1588 quid
1028 1505 1112 1569 enim
1134 1505 1271 1589 primum
1287 1504 1324 1568 de

190 1609 362 1674 affectionis
393 1613 447 1673 eut
480 1610 667 1693 dignationis
700 1613 823 1674 uestrae
857 1609 948 1673 laude
982 1627 1237 1689 commemorem,
1272 1607 1325 1690 qni

189 1731 298 1778 omnes
322 1713 398 1778 mihi
419 1715 510 1793 ruris,
534 1715 628 1778 moris
652 1717 693 1794 et,
716 1714 797 1795 quod
820 1713 868 1778 his
892 1712 1037 1777 omnibus
1061 1713 1162 1778 maius
1185 1717 1243 1793 est,
1274 1731 1326 1776 ca·
1354 1737 1377 1774 io

189 1819 290 1882 nitatis
313 1817 436 1882 delicias
460 1817 645 1898 contulistis,
669 1821 724 1882 aut
745 1821 838 1899 certe,
862 1817 888 1882 si
911 1817 986 1900 quid
1008 1817 1118 1882 horum
1142 1817 1250 1898 defuit,
1273 1817 1326 1882 de-

190 1921 365 2004 putandum
395 1923 539 2004 tempori,
570 1940 632 1986 uon
662 1921 752 1986 uobis
783 1925 832 1986 est
860 1921 1078 2004 inputandam.
1124 1939 1198 1986 nam
1225 1923 1327 1985 totum

192 2025 274 2106 apud
303 2043 369 2105 nos,
401 2025 483 2108 quod
513 2043 621 2090 aarum
651 2029 770 2108 pectus,
802 2025 883 2108 quod
906 2025 1015 2090 habuit
1037 2026 1157 2090 clarum
1179 2025 1326 2105 mundus,

191 2129 306 2210 inueni,
337 2129 424 2194 nulla
454 2148 504 2193 me
534 2129 660 2213 penitus
691 2129 881 2194 iocunditate
909 2129 1088 2194 fraudastis.
1135 2129 1327 2212 quinetiam

192 2233 395 2298 desiderabile
426 2233 503 2296 mihi
529 2233 685 2317 hospitioli
707 2234 769 2298 mei
792 2233 950 2298 desertum
974 2235 1080 2298 uestra
1101 2234 1258 2298 uicinitate
1281 2233 1328 2297 le·
1354 2255 1379 2295 n

193 2337 287 2401 cistis.
334 2341 366 2400 et
395 2336 509 2402 idcirco
538 2355 589 2401 me
617 2338 717 2421 magis
739 2337 909 2402 finitimum
931 2337 1021 2402 uobis
1045 2356 1114 2402 esse
1137 2337 1327 2422 congaudeo,

193 2441 349 2522 quianon
373 2459 408 2504 ex
431 2443 496 2506 toto
520 2442 622 2506 malus
646 2444 703 2522 est,
727 2442 779 2524 qui
801 2441 891 2506 bonis
914 2442 1062 2525 iungitur.

237 2544 295 2610 Sed
326 2564 366 2609 ne
397 2545 539 2610 exhibeat
566 2545 655 2610 uobis
680 2545 779 2628 [esse]
803 2546 922 2630 ineptia
944 2546 993 2610 sui
1015 2545 1135 2629 longior
1157 2561 1260 2610 sermo
1282 2545 1329 2608 la-

194 2649 333 2730 stidium,
363 2649 449 2714 salue
479 2649 692 2734 largissimum
723 2650 789 2714 dico
821 2653 853 2714 et
877 2649 1051 2730 nitrarium,
1082 2649 1161 2714 sicut
1183 2649 1328 2728 iussistis,

194 2772 244 2816 me
261 2753 434 2818 destinasse
450 2753 599 2838 significo,
623 2755 711 2818 cuiue
727 2771 804 2838 opus
821 2755 930 2833 nitore,
947 2771 1009 2818 non
1024 2754 1194 2838 fragilitate
1209 2754 1331 2836 oportet
1356 2775 1381 2815 rc

193 2857 342 2938 imitetur,
365 2861 400 2922 ut
419 2857 552 2938 dilectio,
575 2875 654 2940 quae
670 2857 758 2922 nobis
775 2856 988 2940 aparentibus
1003 2857 1121 2938 relicta,
1145 2875 1164 2921 a
1179 2857 1330 2941 magistro

195 2961 317 3041 tradita,
347 2961 431 3026 uitae
454 2962 672 3027 communione
695 2961 820 3026 firmata
843 2964 900 3042 est,
928 2961 1071 3026 secundis
1095 2961 1248 3041 elimetm,
1277 2959 1331 3024 ad-

195 3066 293 3128 uersis
323 3065 410 3130 nulla
439 3066 564 3148 penitus
593 3066 756 3130 turbinum
778 3065 914 3149 procella
937 3067 1108 3150 frangatur.
1155 3082 1229 3129 nam
1252 3065 1332 3129 sicut

197 3169 263 3232 auri
286 3172 380 3250 atque
404 3170 525 3254 argenti
548 3170 683 3252 pretiosa
706 3171 879 3250 sinceritas,
910 3169 936 3233 si
959 3170 1038 3234 aeris
1062 3173 1116 3233 aut
1137 3167 1258 3251 plumbi
1281 3167 1332 3232 uel

196 3271 362 3337 cuiuslibet
383 3273 511 3338 alterius
535 3275 683 3338 materiae
705 3273 822 3338 uilioris
845 3273 948 3337 iuerat
970 3273 1157 3338 admixtione
1177 3275 1330 3354 corrupta,
1359 3293 1383 3336 ss

196 3376 258 3440 nisi
279 3376 400 3460 ignium
423 3377 652 3442 examinatione
674 3379 834 3462 purgetur,
857 3394 916 3440 nec
938 3377 1137 3460 splendorem
1156 3376 1332 3440 naturalem

196 3482 308 3564 poterit
337 3481 452 3546 habere
479 3499 537 3546 nec
560 3499 682 3562 sonum,
713 3497 787 3546 nam
810 3499 868 3546 nec
890 3481 973 3546 uisui
995 3481 1168 3546 claritatem
1191 3499 1248 3546 nec
1269 3481 1333 3546 tin-

197 3584 299 3648 nitum
320 3584 422 3650 reddit
444 3585 564 3649 auditui
587 3585 749 3670 magisque
771 3603 902 3649 raucum
924 3589 1059 3667 resonat,
1090 3585 1117 3650 si
1138 3584 1277 3666 feriatm,
1301 3587 1333 3648 et

197 3688 364 3753 stridulum
387 3709 576 3752 tartaraeos

240 3878 363 3982 Spiris
414 3912 644 3982 lprceoniumS
695 3913 859 3982 elingueoS
915 3914 947 3968 10
965 3911 1059 3981 moris]
1077 3911 1130 3965 oris
1148 3912 1333 3968 conidmdum

197 3999 306 4054 adam
322 4017 346 4066 o,
365 3999 479 4052 nemoris
496 4001 548 4054 Kr.
603 4001 634 4054 11
655 3999 801 4055 diliciasS
852 4000 886 4054 14
903 3999 1049 4069 pqnitusS
1101 3999 1133 4053 16
1151 3997 1336 4067 congaudiob'

200 4087 231 4141 18
248 4083 324 4139 nobis
343 4083 423 4154 [esse]
441 4087 548 4155 scripsi,
565 4084 619 4139 uolt
632 4101 687 4139 esse
701 4087 731 4154 S,
750 4103 774 4140 u.
787 4085 846 4155 ipsa
857 4103 881 4153 o,
899 4083 976 4139 uobis
988 4101 1033 4138 seu
1046 4085 1097 4139 Kr.
1151 4084 1204 4153 sul]
1223 4101 1268 4138 seu
1281 4086 1333 4140 Kr.

197 4173 230 4227 20
248 4171 432 4228 distinassaS
482 4175 514 4228 21
533 4190 600 4227 acm
617 4173 755 4226 imitemur
767 4173 960 4229 amisardum?
1013 4177 1102 4226 eante
1114 4171 1242 4240 magistro
1255 4189 1335 4228 cm.o

198 4259 231 4314 22
257 4265 320 4314 aaa
346 4257 468 4312 secundia
486 4261 518 4313 in
540 4261 563 4315 S
583 4277 683 4314 rasura
703 4261 774 4314 2-3
800 4261 953 4314 litterarum
982 4263 1069 4314 caetra
1120 4259 1155 4314 23
1171 4257 1337 4328 paenitusS

199 4345 409 4414 reprecans
477 4345 645 4401 diluente
714 4347 749 4401 26
766 4347 931 4415 purgatura
999 4346 1033 4400 29
1056 4343 1336 4400 comminationi

199 4431 381 4486 Mammam
