3264 5134
659 426 755 482 Liber
774 427 802 482 11
820 431 896 482 5-6.
1303 430 1341 493 71

204 599 327 666 infirmi.
372 620 445 666 nam
476 603 529 686 qui
558 603 603 667 ita
631 603 876 688 intellegendam
908 607 1007 687 putat,
1038 605 1119 686 quod
1150 623 1202 668 eos
1233 623 1344 670 sanare

204 705 348 787 noluerit,
379 707 515 772 absoluit
543 707 703 772 bominem
726 711 757 772 et
780 708 909 773 damnat
935 711 1104 773 auctorem.
1144 710 1248 773 nullas
1272 729 1344 794 ergo

205 810 376 876 excluditur
399 830 418 875 a
439 811 597 876 beneficia
621 812 680 894 dei,
711 814 763 895 qni
789 814 926 895 primum
949 813 987 877 de
1010 813 1160 896 neglectis
1187 813 1344 878 beneficiis

205 915 388 980 iudicandus
412 919 470 981 est.

747 1089 801 1156 ur.
1381 1135 1394 1175 ,

204 1233 280 1282 Qum
304 1235 364 1293 SIT,
392 1233 477 1282 QUOD
500 1234 569 1276 ar'l':
598 1233 660 1276 CUM
682 1235 760 1276 ENIM
787 1234 917 1278 nonnum
943 1235 1095 1278 EGISSBN'I'
1117 1235 1189 1278 BONI
1212 1235 1343 1285 ebreum

684 1322 747 1364 Aur
770 1321 856 1364 llam.

245 1438 341 1502 Illum
364 1457 438 1503 uero
461 1439 594 1521 apostoli
617 1457 746 1503 sensum
768 1440 850 1504 intra
872 1439 1000 1522 gentilis
1028 1440 1144 1503 decreti
1168 1443 1269 1504 artare
1293 1458 1343 1506 co·

204 1545 318 1607 uantur
341 1543 513 1627 augustias,
536 1561 596 1626 quo
620 1542 708 1608 dicit:
738 1543 1017 1626 promissionis,
1047 1543 1158 1626 inquit,
1188 1543 1343 1608 uerbum

203 1647 269 1711 boc
296 1651 366 1711 est:
398 1647 601 1711 secundum
630 1648 697 1711 boc
724 1652 869 1738 tempus
898 1648 1045 1712 ueniam
1076 1651 1112 1712 et
1138 1649 1209 1712 erit
1231 1647 1342 1714 Sarae
1370 1677 1395 1715 ro

202 1751 323 1833 lilius,
354 1769 425 1816 nan
453 1752 571 1816 solum
595 1755 733 1832 autem,
765 1752 828 1816 sed
851 1752 1017 1816 Rebecca
1047 1771 1086 1816 ex
1114 1770 1184 1817 uno
1212 1771 1342 1817 coacu-

203 1855 282 1920 bitu
313 1855 457 1920 babens
487 1855 594 1921 Isaac
623 1860 768 1938 patrem
798 1859 976 1921 nostrum.
1016 1875 1097 1920 cum
1127 1857 1225 1920 euim
1255 1876 1343 1922 non-

203 1960 286 2024 dum
309 1961 388 2024 nati
409 1961 575 2025 luissent
597 1964 660 2025 aut
683 1960 824 2042 aliquid
848 1961 1016 2044 egissent
1045 1961 1131 2024 boni
1154 1965 1216 2025 aut
1239 1962 1342 2042 mali,

202 2069 241 2129 nt
263 2065 467 2129 secundum
491 2065 714 2130 electionem
734 2065 967 2148 propositum
988 2065 1045 2130 dei
1067 2069 1247 2146 maneret,
1271 2084 1341 2130 non

202 2187 242 2234 ax
272 2169 462 2252 operibns,
494 2170 557 2250 sed
587 2188 628 2233 ex
657 2173 814 2234 nocente
844 2169 982 2233 dictum
1011 2173 1081 2250 est,
1112 2169 1198 2250 quia
1225 2171 1341 2233 maior
1368 2197 1393 2236 rs

203 2274 344 2338 seruiet
366 2275 514 2354 minori,
538 2275 637 2338 sicut
659 2275 841 2358 scriptum
865 2277 935 2338 est:
959 2273 1069 2338 Iacob
1094 2273 1221 2354 dilexi,
1244 2273 1341 2338 Esau

202 2381 323 2443 antem
354 2378 438 2442 odio
468 2378 590 2443 habui.
630 2379 661 2442 iu
692 2379 741 2443 his
769 2378 873 2443 uerbis
900 2377 958 2443 hoc
985 2379 1054 2442 uult
1080 2377 1219 2461 intellegi
1241 2379 1341 2461 genti-

200 2483 289 2547 liciae
312 2483 523 2567 persuasionis
543 2483 698 2566 impietas,
721 2483 803 2565 qnod
819 2483 895 2547 deus
912 2482 1030 2565 absque
1045 2483 1109 2546 ullo
1125 2483 1206 2546 iuter
1221 2483 1340 2546 malum

201 2591 232 2651 et
257 2587 377 2652 bonnm
404 2587 608 2652 moderatoris
632 2587 773 2652 aramma
802 2605 864 2652 non
887 2587 994 2651 ordine
1017 2587 1165 2670 regentia,
1193 2586 1247 2650 sed
1274 2586 1339 2650 iure

201 2692 388 2756 dominantis
408 2692 498 2756 illum
519 2692 642 2756 affectu·
655 2691 785 2776 dignum
804 2691 923 2772 reddat,
947 2691 1031 2755 hunc
1050 2691 1129 2772 odio,
1154 2691 1242 2754 illum
1262 2691 1340 2754 reci·
1366 2719 1393 2760 ac

200 2797 265 2880 piat
288 2796 402 2876 studio,
425 2796 510 2860 hunc
533 2796 675 2860 excludat
698 2796 836 2879 imperio,
861 2799 891 2860 et
913 2797 994 2860 inter
1010 2781 1086 2860 duos
1102 2795 1237 2878 perditos
1254 2795 1341 2860 nulla

201 2901 407 2966 consideratio
429 2901 556 2982 laboris,
587 2901 674 2966 nulla
696 2901 870 2965 deuotionis
893 2900 1055 2981 habeatur,
1086 2901 1141 2964 sed
1170 2919 1250 2964 unus
1274 2901 1340 2964 siae

201 3005 318 3070 ratione
348 3005 544 3070 cessantibus
575 3004 684 3070 officiis
715 3005 910 3086 adsumatur,
943 3005 1022 3069 alter
1052 3005 1119 3069 sine
1154 3005 1340 3069 discretione

202 3109 375 3174 damnetur.
414 3128 449 3174 ac
477 3110 522 3174 sic
544 3109 620 3173 dum
643 3110 675 3174 iu
699 3109 848 3174 alterutro
872 3128 929 3174 nee
953 3109 1054 3174 meriti
1079 3109 1182 3174 existit
1208 3109 1341 3174 materia

205 3232 260 3278 uec
283 3214 397 3294 delicti,
420 3215 559 3278 aufertur
582 3215 708 3278 omniuo
732 3214 827 3278 lutari
851 3231 946 3278 cauea
963 3201 1080 3277 iudicii.
1366 3243 1392 3282 aa

244 3317 333 3398 Quod
363 3319 390 3382 si
420 3319 499 3382 haec
528 3337 631 3382 rerum
660 3323 726 3382 tam
753 3319 882 3402 indigna
909 3317 1049 3382 conlusio
1077 3318 1172 3382 etiam
1200 3335 1219 3382 a
1245 3337 1339 3382 sensu

202 3421 356 3486 humanae
377 3423 492 3487 mentis
513 3421 614 3486 aliena
634 3427 690 3502 est,
715 3421 877 3488 sollicitius
897 3423 1103 3505 requiramus
1127 3422 1200 3503 quid
1217 3421 1339 3486 diuinae

202 3527 365 3592 conueniat
402 3528 542 3610 apostolo
560 3561 565 3572 ·
580 3527 751 3592 disserente
788 3527 934 3591 iustitiae.
983 3527 1065 3591 inter
1098 3527 1175 3590 duos
1209 3526 1339 3610 populos

202 3631 386 3696 constitutus
410 3631 597 3696 Indaeorum
627 3632 733 3698 doctor
763 3635 794 3696 et
822 3632 965 3716 gentium
993 3631 1068 3695 dum
1095 3631 1140 3694 Ita
1166 3631 1222 3695 alt:
1253 3631 1340 3712 quia

203 3735 316 3800 maior
346 3735 490 3800 seruiet
520 3737 666 3817 minori,
702 3737 735 3800 in
766 3736 886 3800 seniore
917 3735 1052 3800 Iudaeae
1082 3736 1261 3819 arrogantia
1290 3755 1338 3800 rc·
1364 3763 1391 3804 ao

302 3941 330 4012 9]
350 3941 426 3997 Rom
446 3945 470 4007 9,
483 3946 506 3998 9.
560 3943 607 4012 29]
627 3941 692 3998 Gen.
710 3945 752 4008 25,
765 3943 807 3998 23.

245 4115 417 4172 linflrmoP
462 4115 662 4173 BneclectiaP
711 4117 846 4186 9quodo
899 4119 931 4173 10
950 4117 1076 4171 serraeP
1127 4115 1186 4187 sed]
1206 4119 1338 4173 stoddo

204 4201 358 4260 rebeccaeP
401 4207 434 4262 12
446 4209 521 4274 patre
535 4205 662 4259 nostroP
705 4207 737 4262 18
750 4203 903 4274 absquaaP
947 4205 981 4261 23
994 4205 1196 4260 asummatarP
1240 4203 1337 4258 disere·

204 4289 273 4345 cioue
291 4293 320 4346 P
374 4291 759 4362 801udaeaeaatpai,iudaa
777 4292 812 4361 P,
830 4291 956 4348 ludaeio
1008 4291 1175 4362 arrogantiae
1194 4293 1221 4347 P
1271 4309 1338 4348 auor

204 4375 297 4434 Iudaea
314 4379 480 4449 arrogantiae
498 4379 689 4436 scribendum?
