3320 5140
318 462 428 517 LXXIV
764 467 1004 536 Prolagomena.

319 648 348 701 et
372 637 481 702 labore
495 640 629 704 Ioannis
645 641 807 704 Dantooa'a'
829 642 854 706 Ι.
876 641 908 708 C.
933 645 1072 727 (nomina
1095 645 1196 709 (161616
1219 663 1330 709 manus
1354 646 1452 710 altera

319 746 536 828 superscripsit
551 746 585 810 F.
599 747 624 810 I.
638 747 672 811 L.
688 747 732 811 M.
749 747 811 832 Β.).
828 749 957 832 paginas
976 747 1103 811 1-120
1119 750 1321 832 epistularum
1337 753 1450 830 tortus,
1528 823 1532 830 ¹

317 869 347 932 p.
367 849 535 914 rar-188
559 856 650 917 notae
673 857 833 936 occupant.
857 855 938 918 hano
961 873 1029 918 esse
1044 853 1193 937 Stephani
1207 855 1326 919 Baluaii
1345 873 1451 919 rocen-

319 955 447 1036 sionem,
478 975 571 1038 quem
599 957 764 1052 editionem
786 959 901 1022 Ruricii
927 977 1053 1040 parasse
1080 959 1163 1042 typis
1189 975 1251 1023 non
1274 977 1450 1041 expressam

319 1063 439 1124 constet
466 1060 518 1144 (of.
539 1060 699 1146 Agobardi
726 1081 818 1146 opera
846 1064 893 1127 ed.
910 1063 1066 1144 Baluuins,
1089 1063 1214 1128 Parisiis
1241 1061 1333 1144 1666,
1361 1067 1450 1128 notae

318 1185 347 1248 p.
365 1162 430 1246 28),
453 1165 629 1230 Κ666616166
645 1168 797 1250 opinatur.
836 1167 889 1231 sed
905 1186 1024 1249 uereor,
1044 1169 1197 1232 66161666
1214 1168 1318 1232 611616
1333 1168 1450 1248 doctus,

318 1287 392 1333 nam
422 1270 455 1333 in
485 1271 625 1355 catalogo
656 1271 807 1355 impresso
838 1273 888 1336 hic
918 1272 1012 1336 codex
1042 1273 1100 1336 hoc
1131 1272 1222 1337 modo
1252 1271 1450 1336 describitur:

319 1372 442 1436 e'olite'on
472 1373 526 1436 des
555 1373 662 1437 lettres
687 1373 725 1437 cle
748 1375 881 1451 1166166,
913 1374 1022 1459 deeque
1054 1374 1091 1438 de
1113 1374 1265 1461 Limopec,
1290 1376 1451 1460 prepare'e

314 1499 383 1561 poe
407 1475 435 1540 le
456 1476 492 1539 P.
509 1477 641 1540 Dacico
664 1476 785 1541 XVIII
801 1501 826 1541 s.
850 1483 921 1544 utut
943 1484 1049 1544 antem
1070 1499 1120 1544 res
1144 1499 1177 1544 66
1200 1479 1305 1560 hahet,
1327 1480 1358 1542 in
1381 1479 1451 1542 crisi

318 1582 521 1665 epistularum
551 1583 788 1648 RurioIanarum
820 1585 992 1648 factitando
1021 1585 1071 1648 hio
1099 1584 1177 1648 liber
1211 1584 1451 1666 manuscriptus,

318 1705 389 1750 cnm
419 1705 480 1750 uno
511 1687 614 1752 codice
641 1687 837 1771 Sangallensi
868 1689 995 1768 nitatur,
1026 1689 1141 1752 nullius
1172 1688 1364 1752 auctoritatis
1393 1691 1450 1751 661.

360 1791 475 1855 Ruricii
499 1792 647 1873 epistulas
670 1793 790 1874 primus
807 1793 902 1857 edidit
917 1813 953 1856 er
969 1793 1072 1856 codice
1089 1791 1284 1875 Sangallensi
1298 1791 1452 1855 Hemicus

318 1894 461 1960 Carisius
489 1896 520 1959 16
543 1895 698 1978 Antiquae
721 1897 861 1961 lectionis
885 1901 970 1961 tomo
993 1897 1019 1962 V
1051 1896 1206 1979 (editionis
1237 1897 1452 1979 Basnagicnae

318 2001 379 2063 uol.
395 1999 424 2081 I)
447 2017 510 2063 una
532 2019 603 2064 cum
627 2000 734 2064 Fausti
758 2001 909 2084 epistulis,
932 2001 1014 2065 unde
1037 2003 1069 2065 in
1092 2001 1301 2066 Bibliothecae
1321 2000 1451 2064 Patrum

319 2102 535 2182 Coloniensem
567 2104 607 2187 (a.
635 2103 716 2166 1618
747 2106 807 2170 nol.
832 2106 859 2169 V
889 2110 969 2188 part.
993 2107 1065 2190 Ill),
1097 2106 1271 2170 Parisinam
1302 2101 1454 2187 (61644

319 2208 468 2291 661111),
492 2209 733 2292 Lugdunensem
757 2209 798 2292 (6.
818 2207 976 2274 1611661.
994 2211 1095 2293 VIII),
1112 2209 1306 2292 Mignianam
1323 2208 1451 2292 (Patrol.

319 2311 371 2374 161.
389 2313 449 2376 ool.
467 2313 584 2395 LVIII)
608 2314 810 2378 transierunt.
834 2333 948 2379 nouam
968 2315 1182 2378 recensionem
1197 2313 1333 2376 instituit
1347 2313 1453 2375 Bruno

319 2414 504 2497 Kruschius,
527 2417 565 2480 cf.
584 2435 677 2502 supra
699 2438 728 2501 p.
747 2417 830 2482 LIII.

360 2839 446 2901 Haec
463 2838 500 2900 de
517 2836 631 2900 Fausto
649 2839 679 2899 61
695 2835 817 2899 Ruricio
834 2835 1004 2918 praefatus,
1027 2835 1211 2916 priusquam
1234 2832 1453 2915 disputationis

317 2942 411 3004 116666
439 2941 562 3020 faciam,
592 2959 692 3022 pauca
723 2941 760 3004 de
783 2959 871 3003 meae
895 2940 1038 3003 editionis
1061 2939 1179 3002 6611666
1209 2942 1302 3019 61666
1325 2936 1452 3000 66661116

318 3046 439 3108 addam.
465 3063 499 3108 66
522 3046 659 3128 primum
682 3045 808 3126 quidem
832 3049 903 3126 apte
927 3063 977 3107 me
1000 3044 1058 3106 hoc
1081 3043 1147 3106 loco
1164 3060 1225 3106 uno
1242 3041 1352 3105 obtutu
1369 3059 1453 3104 com·

317 3168 430 3232 ponere
454 3153 530 3232 puto
553 3169 599 3229 66,
629 3167 707 3230 6666
734 3151 766 3212 16
794 3152 895 3212 textus
919 3147 1080 3211 Faustiani
1103 3150 1197 3228 61666
1220 3146 1377 3210 Ruriciani
1404 3164 1452 3208 ro-

318 3255 461 3318 censionc
493 3272 572 3334 mea,
604 3271 698 3335 quom
726 3257 799 3316 6616
826 3253 897 3335 plus
925 3251 1001 3315 duos
1031 3270 1127 3315 66666
1152 3250 1347 3314 6166166666
1371 3249 1452 3331 typis

317 3357 563 3437 describendam,
591 3361 713 3420 mutata
740 3375 823 3420 nunc
850 3357 929 3420 uolo.
969 3355 1138 3419 retractant
1166 3359 1272 3418 autem
1300 3353 1452 3435 quaedam

317 3463 417 3526 fusius
441 3463 472 3526 in
495 3463 543 3525 his
567 3461 805 3545 prolegomenis,
828 3478 927 3544 pauca
946 3461 977 3524 in
994 3460 1215 3542 disputatione:
1240 3458 1384 3541 Bcitrage
1399 3476 1452 3520 nur

317 3568 420 3632 Kritilr
443 3567 506 3630 und
529 3567 706 3649 errlhrung
728 3566 782 3628 der
805 3565 907 3628 Bricfe
931 3566 985 3628 dcs
1009 3565 1194 3628 ..Faustus
1223 3562 1287 3626 und
1308 3561 1452 3626 Ruricius

317 3672 460 3754 (Rphcm.
482 3691 588 3754 gymn.
610 3673 704 3734 anstr.
729 3667 812 3732 1890
838 3689 869 3751 p.
890 3667 1085 3751 tun-699),
1113 3686 1189 3750 quos
1212 3669 1295 3732 locos
1318 3667 1368 3730 hic
1391 3683 1453 3728 666

317 3795 388 3840 cum
418 3776 602 3858 typographi
630 3774 785 3838 erroribus
812 3773 961 3856 grauioris
991 3773 1151 3850 momenti,
1182 3790 1258 3854 quos
1287 3789 1342 3834 sno
1373 3775 1452 3833 tem-

316 3899 389 3963 pore
400 3880 551 3962 corrigere
562 3878 888 3962 negleri,'paginarnm
901 3877 1014 3940 scriem
1027 3879 1150 3940 secutus
1163 3875 1299 3939 breuiter
1309 3873 1453 3954 indico,¹)

317 3985 471 4065 simulque
499 3984 617 4064 reliqua
640 3983 728 4062 addo,
757 3983 794 4045 de
818 3981 929 4064 quibus
952 3981 1044 4044 hodic
1068 3981 1157 4044 aliter
1180 3983 1273 4061 61666
1297 3982 1367 4042 6616
1395 3977 1450 4040 hos

317 4089 394 4152 duos
420 4105 517 4150 annos
540 4087 649 4151 indico.

319 4229 524 4238 .-.------

363 4331 381 4398 ¹)
393 4323 563 4398 'Compendio
575 4327 597 4380 P
611 4327 731 4396 significo
744 4326 943 4395 Prolegomcna,
962 4325 1052 4380 littera
1064 4325 1086 4379 Ε
1098 4324 1235 4378 laudatam
1248 4322 1451 4394 ephemeridem,

315 4417 414 4483 litteris
431 4420 451 4479 t.
465 4433 485 4478 6,
500 4414 659 4487 typographi
677 4417 781 4467 erratu.¹
