3222 5144
315 444 378 507 264
755 441 819 496 IIII.
840 441 948 495 Sermo
969 443 1007 497 ll.

313 619 345 682 in
369 618 552 701 angelorum
576 618 730 682 consortio
753 620 904 700 perpetua
927 636 1047 682 merear
1070 617 1283 682 incolumitate
1305 616 1446 700 gaudere.

314 722 445 787 ethaeo
468 721 594 804 quidem
617 741 679 786 non
702 722 770 786 ideo
794 739 937 806 suggero,
961 721 1044 804 quod
1065 740 1122 786 uos
1146 721 1373 786 admonitiones
1397 737 1449 786 no-

314 831 393 891 stras
410 827 562 890 senserim
583 845 644 891 uon
667 826 800 891 libenter
823 827 972 910 accipere,
996 826 1060 906 sed,
1084 825 1157 908 quia
1179 843 1229 888 me
1252 843 1381 890 necesse
1404 828 1451 888 est

313 935 345 996 et
359 949 414 1014 pro
438 934 543 995 uestra
566 935 597 994 et
620 949 675 1014 pro
699 948 770 994 mee
792 931 892 995 salute
915 931 1109 1013 frequentius
1132 929 1318 1012 praedicare,
1342 928 1450 996 studeo

273 1063 285 1102 r
313 1039 434 1100 uestros
458 1035 579 1099 animos
603 1039 635 1098 et
649 1035 688 1099 ad
711 1034 909 1100 tremendum
932 1035 1083 1100 iudicium
1106 1035 1190 1100 etad
1212 1034 1451 1100 desiderandum

313 1140 446 1204 excitare
478 1140 654 1221 praemium
691 1139 873 1221 [exercere],
895 1142 944 1204 ut
977 1139 1152 1223 exceptoria
1184 1139 1285 1204 saneti
1317 1138 1450 1222 pectoris

312 1245 409 1308 uestri
424 1245 463 1308 ad
486 1243 713 1308 recondendam
737 1243 910 1327 spiritalem
933 1243 1135 1324 uindemiam,
1158 1245 1238 1308 sicut
1260 1263 1386 1326 semper
1408 1243 1452 1307 ie·

313 1349 408 1428 cistis,
440 1348 608 1412 auxiliante
636 1348 761 1412 domino
785 1349 916 1412 feliciter
945 1350 1145 1431 praeparetis.
1191 1349 1335 1431 quotiens
1363 1347 1450 1412 uobis

313 1453 427 1517 durum
461 1452 575 1535 aliquid
607 1452 836 1535 praedicamus,
870 1470 932 1518 non
963 1453 1022 1517 hoe
1056 1453 1124 1518 ideo
1155 1454 1296 1533 dicimus,
1332 1454 1407 1536 quia
1435 1470 1453 1516 a

263 1584 286 1622 ro
313 1556 401 1620 uobis
434 1556 537 1621 taliter
569 1556 686 1638 aliquid
718 1555 785 1621 fieri
819 1557 1028 1640 suspicemur,
1066 1557 1121 1620 sed
1155 1557 1223 1622 ideo
1257 1558 1354 1622 etiam
1389 1558 1451 1636 illa,

311 1680 391 1744 quae
422 1679 483 1725 non
510 1661 624 1742 facitis,
654 1660 886 1741 denuntiamus
914 1665 949 1726 ut
978 1661 1042 1742 illa,
1070 1662 1102 1725 in
1125 1660 1237 1744 quibus
1260 1663 1341 1726 forte
1365 1679 1453 1746 prae·

311 1766 398 1830 uenti
429 1765 567 1846 fueritis,
597 1783 708 1829 sanare
739 1765 904 1848 possimus.
958 1766 1038 1830 solet
1068 1765 1150 1830 enim
1180 1764 1263 1846 fieri,
1297 1771 1347 1847 ut,
1379 1766 1451 1830 dum

313 1871 431 1934 maiora
457 1870 618 1949 timentur,
646 1869 777 1933 celerius
801 1869 922 1934 minora
944 1873 1123 1934 caueantur.
1169 1889 1231 1952 quo
1254 1871 1346 1934 modo
1371 1870 1452 1934 euim

313 1973 450 2038 theriaca
471 1973 599 2053 bibitur,
631 1993 669 2036 ne
692 1974 873 2056 corporibus
900 1975 1022 2057 possint
1042 1975 1223 2056 praeualere
1251 1993 1385 2054 uenena,
1412 1974 1453 2038 ita

263 2103 286 2142 c
304 2085 438 2156 ¹austera
474 2077 660 2160 praedicatio
698 2078 859 2162 ingeritur,
898 2079 980 2142 unde
1017 2079 1194 2142 animarum
1230 2083 1453 2162 praeparentm

314 2183 462 2246 antidota.

358 2285 484 2350 Certum
507 2290 564 2365 est,
593 2287 704 2350 iratres
728 2287 890 2366 carissimi,
919 2287 1010 2369 quod,
1038 2287 1066 2350 si
1094 2286 1245 2351 beneficia
1272 2287 1321 2350 dei
1347 2285 1452 2365 nostri,

315 2409 394 2472 quae
418 2389 506 2454 nobis
529 2391 623 2454 nullis
651 2390 909 2474 praecedentibus
936 2392 1055 2456 meritis
1083 2391 1198 2456 nostris
1221 2391 1348 2455 conlata
1371 2395 1452 2470 sunt,

316 2495 444 2559 adsidue
468 2495 649 2578 cogitemus
678 2499 806 2578 peecata
833 2495 922 2559 nobis
950 2500 1005 2559 aut
1033 2514 1094 2560 non
1118 2496 1317 2560 dominantur
1342 2501 1406 2575 aut,
1429 2494 1452 2558 si

262 2623 288 2662 ro
314 2601 393 2664 forte
424 2599 658 2683 subrepserunt,
693 2600 753 2664 cito
787 2619 841 2682 per
875 2601 1100 2683 paenitentiam
1131 2601 1338 2684 corriguntur
1385 2599 1453 2683 quis

316 2705 399 2770 enim
428 2705 478 2768 uel
502 2707 607 2768 mente
631 2703 802 2786 concipere,
830 2723 893 2768 non
916 2705 1016 2768 dicam
1039 2705 1141 2768 uerbis
1168 2705 1267 2787 possit
1290 2722 1453 2786 exponere,

314 2812 432 2890 quanta
460 2809 521 2872 ista
551 2812 625 2872 sunt
654 2808 736 2872 cirea
765 2827 821 2872 nos
852 2808 1004 2873 beneficia
1034 2809 1083 2872 dei
1114 2809 1221 2873 nostri.
1266 2807 1344 2873 feeit
1372 2809 1453 2873 enim

316 2929 381 2991 nos,
405 2931 477 2975 eum
497 2930 559 2976 non
584 2931 734 2993 essemnr,
757 2914 915 2995 reperauit
938 2931 993 2978 nos
1017 2917 1135 2994 postea,
1159 2912 1452 2995 comperissemus

317 3020 447 3079 mortem
476 3017 622 3099 suscepit,
651 3017 786 3098 pretioso
814 3037 870 3084 nos
899 3017 1051 3102 sanguine
1079 3016 1239 3096 liberauit,
1268 3017 1304 3080 ad
1332 3017 1456 3082 inferna

263 3141 290 3180 ro
316 3119 484 3198 descendit,
509 3120 650 3184 faucibus
667 3139 723 3185 nos
739 3125 883 3186 aeternae
906 3123 1016 3186 mortis
1040 3123 1161 3205 eripuit,
1185 3121 1344 3186 caelorum
1369 3119 1456 3186 nobis

316 3223 457 3304 praemia
472 3224 622 3306 promisit.
662 3225 868 3300 haecomnia,
891 3227 1003 3291 iratres
1020 3226 1184 3306 carissimi,
1206 3227 1257 3308 pio
1273 3229 1305 3288 et
1319 3223 1456 3310 benigno

362 3477 374 3528 l
398 3473 581 3542 iu'llangclllorir
601 3477 630 3530 D
652 3477 720 3541 (eret
738 3477 766 3530 in
788 3477 969 3546 euangeliord)
1015 3507 1017 3512 ·
1039 3493 1141 3530 merear
1160 3479 1239 3547 alep,
1258 3481 1414 3532 mereantur
1430 3477 1459 3532 D

317 3559 498 3614 incolomitate
518 3563 547 3616 D
616 3562 714 3617 tuias
733 3564 763 3618 D
832 3563 920 3617 studio
937 3565 968 3619 D
1038 3567 1190 3619 dexercere
1207 3581 1257 3619 om.
1271 3565 1355 3634 Aug,
1377 3580 1458 3636 quere

317 3649 396 3704 uncia
412 3650 512 3704 tacturi
566 3649 745 3704 'luindcmet‘
760 3652 789 3707 D
841 3655 936 3721 9poet
954 3649 1054 3719 aliquid
1073 3649 1130 3703 fieri
1148 3668 1254 3705 aarum
1272 3651 1347 3706 ier
1400 3650 1457 3704 ideo

317 3735 398 3805 Aac,
420 3753 470 3792 om.
489 3737 525 3805 D,
548 3737 696 3792 sedetiam
719 3755 825 3792 meeum
913 3737 1025 3792 dicimus
1044 3737 1106 3806 quia
1125 3736 1200 3790 uobis
1218 3735 1308 3790 taliter
1327 3739 1357 3794 D
1378 3753 1457 3808 saper

317 3839 451 3890 rasuram,
469 3825 501 3878 ior
519 3842 573 3893 pua
590 3831 661 3879 erat:
683 3823 727 3878 ille
750 3840 800 3893 que
818 3823 838 3880 ri
855 3824 942 3878 facitis
962 3824 1148 3878 denuntiamus
1167 3827 1199 3877 ut
1216 3823 1263 3878 illa
1276 3825 1306 3878 D
1366 3827 1400 3882 14
1417 3828 1457 3893 ty·

318 3934 389 3988 riaoa
402 3937 431 3990 D
484 3953 531 3992 nee
544 3938 573 3992 D
625 3954 742 3992 uenaena
758 3940 789 3993 D
841 3905 969 3992 itaustera
982 3939 1010 3992 D
1065 3941 1096 3993 15
1113 3903 1282 4008 ppargturD
1340 3941 1372 3996 16
1390 3937 1457 3992 anti·

321 4049 436 4115 agua
453 4051 483 4104 D
554 4054 585 4107 rr
603 4017 735 4106 cinereus
753 4053 782 4106 n
854 4055 886 4108 re
904 4067 954 4119 qus
972 4050 1047 4105 noers
1068 4051 1089 4119 p
1111 4049 1212 4120 nuusp
1229 4051 1259 4106 n
1281 4053 1326 4118 (a
1347 4059 1458 4130 mapa

319 4178 419 4216 rectora
436 4169 494 4216 crat
510 4163 537 4227 δ)
600 4167 631 4221 19
650 4180 703 4218 non
721 4182 850 4234 emeram.
864 4166 894 4219 D
952 4163 1200 4233 ceperianum)
1261 4165 1292 4219 21
1315 4131 1413 4234 uedllris
1431 4163 1458 4217 D

319 4275 353 4328 22
378 4275 478 4340 quanta
500 4277 542 4328 eta
568 4278 610 4380 De
665 4280 699 4334 23
725 4277 900 4348 paerissemus
927 4277 956 4331 D
1026 4279 1059 4334 24
1084 4277 1195 4348 suscipit
1219 4277 1248 4332 D
1319 4233 1456 4332 liberamD

319 4389 353 4448 25
372 4385 505 4444 discendit
522 4391 552 4444 D
604 4393 702 4468 eripuit
719 4395 756 4464 D,
774 4411 812 4454 aa
830 4390 928 4462 cripuit
946 4389 990 4447 et?
