<?xml version="1.0" encoding="UTF-8"?>
<!DOCTYPE html PUBLIC "-//W3C//DTD XHTML 1.0 Transitional//EN"
    "http://www.w3.org/TR/xhtml1/DTD/xhtml1-transitional.dtd">
<html xmlns="http://www.w3.org/1999/xhtml" xml:lang="en" lang="en">
 <head>
  <title>
</title>
<meta http-equiv="Content-Type" content="text/html;charset=utf-8" />
  <meta name='ocr-system' content='tesseract 3.04.00' />
  <meta name='ocr-capabilities' content='ocr_page ocr_carea ocr_par ocr_line ocrx_word'/>
</head>
<body>
  <div class='ocr_page' id='page_1' title='image "./praetersermones01fausgoog/praetersermones01fausgoog_0337.png"; bbox 0 0 3222 5144; ppageno 0'>
   <div class='ocr_carea' id='block_1_1' title="bbox 331 450 1016 516">
    <p class='ocr_par' dir='ltr' id='par_1_1' title="bbox 331 450 1016 516">
     <span class='ocr_line' id='line_1_1' title="bbox 331 450 1016 516; baseline 0 -10"><span class='ocrx_word' id='word_1_1' title='bbox 331 450 394 516; x_wconf 74' lang='lat'>250</span> <span class='ocrx_word' id='word_1_2' title='bbox 779 451 844 506; x_wconf 89' lang='lat'>1111.</span> <span class='ocrx_word' id='word_1_3' title='bbox 865 452 974 506; x_wconf 91' lang='lat' dir='ltr'>Sermo</span> <span class='ocrx_word' id='word_1_4' title='bbox 993 456 1016 508; x_wconf 86' lang='grc'>7.</span> 
     </span>
    </p>
   </div>
   <div class='ocr_carea' id='block_1_2' title="bbox 279 628 1468 2594">
    <p class='ocr_par' dir='ltr' id='par_1_2' title="bbox 279 628 1468 2594">
     <span class='ocr_line' id='line_1_2' title="bbox 331 628 1465 713; baseline 0.002 -19"><span class='ocrx_word' id='word_1_5' title='bbox 331 629 404 711; x_wconf 91' lang='lat' dir='ltr'>quia</span> <span class='ocrx_word' id='word_1_6' title='bbox 431 628 524 694; x_wconf 86' lang='lat' dir='ltr'>fidem</span> <span class='ocrx_word' id='word_1_7' title='bbox 552 629 635 694; x_wconf 92' lang='lat' dir='ltr'>intra</span> <span class='ocrx_word' id='word_1_8' title='bbox 658 649 691 694; x_wconf 89' lang='lat' dir='ltr'>se</span> <span class='ocrx_word' id='word_1_9' title='bbox 714 629 876 696; x_wconf 75' lang='lat' dir='ltr'><strong>continent</strong></span> <span class='ocrx_word' id='word_1_10' title='bbox 902 631 1061 696; x_wconf 87' lang='lat' dir='ltr'>trinitatis.</span> <span class='ocrx_word' id='word_1_11' title='bbox 1107 629 1162 698; x_wconf 87' lang='lat' dir='ltr'>sed</span> <span class='ocrx_word' id='word_1_12' title='bbox 1188 631 1361 712; x_wconf 86' lang='lat' dir='ltr'>uideamus,</span> <span class='ocrx_word' id='word_1_13' title='bbox 1396 631 1465 713; x_wconf 90' lang='lat' dir='ltr'>quid</span> 
     </span>
     <span class='ocr_line' id='line_1_3' title="bbox 330 733 1438 820; baseline 0.002 -22"><span class='ocrx_word' id='word_1_14' title='bbox 330 733 405 798; x_wconf 88' lang='lat' dir='ltr'>dieit</span> <span class='ocrx_word' id='word_1_15' title='bbox 427 751 528 798; x_wconf 92' lang='lat' dir='ltr'>sermo</span> <span class='ocrx_word' id='word_1_16' title='bbox 552 733 686 800; x_wconf 90' lang='lat' dir='ltr'>diuinus.</span> <span class='ocrx_word' id='word_1_17' title='bbox 732 735 801 818; x_wconf 87' lang='lat' dir='ltr'>ipsa</span> <span class='ocrx_word' id='word_1_18' title='bbox 823 752 913 800; x_wconf 87' lang='lat' dir='ltr'>saera</span> <span class='ocrx_word' id='word_1_19' title='bbox 934 739 1104 800; x_wconf 74' lang='lat' dir='ltr'>tractemus</span> <span class='ocrx_word' id='word_1_20' title='bbox 1128 735 1283 820; x_wconf 90' lang='lat' dir='ltr'>euangelii</span> <span class='ocrx_word' id='word_1_21' title='bbox 1305 736 1438 800; x_wconf 87' lang='lat' dir='ltr'>oraeula.</span> 
     </span>
     <span class='ocr_line' id='line_1_4' title="bbox 374 836 1466 921; baseline 0.002 -19"><span class='ocrx_word' id='word_1_22' title='bbox 374 837 411 902; x_wconf 94' lang='lat' dir='ltr'>In</span> <span class='ocrx_word' id='word_1_23' title='bbox 435 837 521 904; x_wconf 83' lang='lat' dir='ltr'>Cana</span> <span class='ocrx_word' id='word_1_24' title='bbox 543 836 701 904; x_wconf 76' lang='lat' dir='ltr'>Galilaeae</span> <span class='ocrx_word' id='word_1_25' title='bbox 724 857 839 921; x_wconf 86' lang='lat' dir='ltr'>aquam</span> <span class='ocrx_word' id='word_1_26' title='bbox 862 840 894 904; x_wconf 92' lang='lat' dir='ltr'>in</span> <span class='ocrx_word' id='word_1_27' title='bbox 917 840 991 904; x_wconf 89' lang='lat' dir='ltr'>nina</span> <span class='ocrx_word' id='word_1_28' title='bbox 1005 841 1159 906; x_wconf 90' lang='lat' dir='ltr'>eonuertit</span> <span class='ocrx_word' id='word_1_29' title='bbox 1181 843 1214 904; x_wconf 89' lang='lat' dir='ltr'>et</span> <span class='ocrx_word' id='word_1_30' title='bbox 1234 840 1387 906; x_wconf 90' lang='lat' dir='ltr'>latentem</span> <span class='ocrx_word' id='word_1_31' title='bbox 1408 839 1466 904; x_wconf 90' lang='lat' dir='ltr'>suh</span> 
     </span>
     <span class='ocr_line' id='line_1_5' title="bbox 331 941 1466 1028; baseline 0.003 -23"><span class='ocrx_word' id='word_1_32' title='bbox 331 941 455 1006; x_wconf 92' lang='lat' dir='ltr'>homine</span> <span class='ocrx_word' id='word_1_33' title='bbox 489 943 650 1008; x_wconf 89' lang='lat' dir='ltr'>dominum</span> <span class='ocrx_word' id='word_1_34' title='bbox 685 961 814 1028; x_wconf 90' lang='lat' dir='ltr'>operum</span> <span class='ocrx_word' id='word_1_35' title='bbox 847 944 961 1009; x_wconf 90' lang='lat' dir='ltr'>uirtute</span> <span class='ocrx_word' id='word_1_36' title='bbox 995 945 1118 1010; x_wconf 83' lang='lat' dir='ltr'>deterit.</span> <span class='ocrx_word' id='word_1_37' title='bbox 1183 948 1219 1010; x_wconf 90' lang='lat' dir='ltr'>et</span> <span class='ocrx_word' id='word_1_38' title='bbox 1252 945 1324 1025; x_wconf 92' lang='lat' dir='ltr'>die,</span> <span class='ocrx_word' id='word_1_39' title='bbox 1359 944 1466 1026; x_wconf 88' lang='lat' dir='ltr'>inquit,</span> 
     </span>
     <span class='ocr_line' id='line_1_6' title="bbox 291 1047 1467 1132; baseline 0.003 -22"><span class='ocrx_word' id='word_1_40' title='bbox 291 1071 304 1110; x_wconf 82' lang='lat'>⁵</span> <span class='ocrx_word' id='word_1_41' title='bbox 332 1047 447 1111; x_wconf 90' lang='lat' dir='ltr'>tertia</span> <span class='ocrx_word' id='word_1_42' title='bbox 476 1049 628 1131; x_wconf 80' lang='lat' dir='ltr'>nuptiae</span> <span class='ocrx_word' id='word_1_43' title='bbox 659 1047 813 1114; x_wconf 80' lang='lat' dir='ltr'>fiebant.</span> <span class='ocrx_word' id='word_1_44' title='bbox 859 1048 915 1114; x_wconf 91' lang='lat' dir='ltr'>sed</span> <span class='ocrx_word' id='word_1_45' title='bbox 941 1065 1021 1132; x_wconf 89' lang='lat' dir='ltr'>quaa</span> <span class='ocrx_word' id='word_1_46' title='bbox 1049 1053 1121 1114; x_wconf 89' lang='lat' dir='ltr'>sunt</span> <span class='ocrx_word' id='word_1_47' title='bbox 1148 1049 1227 1114; x_wconf 86' lang='lat' dir='ltr'>istae</span> <span class='ocrx_word' id='word_1_48' title='bbox 1254 1049 1381 1131; x_wconf 85' lang='lat' dir='ltr'>nuptiae</span> <span class='ocrx_word' id='word_1_49' title='bbox 1408 1050 1467 1114; x_wconf 93' lang='lat' dir='ltr'>nisi</span> 
     </span>
     <span class='ocr_line' id='line_1_7' title="bbox 330 1151 1467 1236; baseline 0.004 -22"><span class='ocrx_word' id='word_1_50' title='bbox 330 1151 444 1234; x_wconf 89' lang='lat' dir='ltr'>gandia</span> <span class='ocrx_word' id='word_1_51' title='bbox 471 1152 582 1217; x_wconf 88' lang='lat' dir='ltr'>salutis</span> <span class='ocrx_word' id='word_1_52' title='bbox 609 1152 787 1218; x_wconf 79' lang='lat' dir='ltr'>hnmanae?</span> <span class='ocrx_word' id='word_1_53' title='bbox 832 1171 928 1236; x_wconf 88' lang='lat' dir='ltr'>quare</span> <span class='ocrx_word' id='word_1_54' title='bbox 951 1153 1000 1218; x_wconf 90' lang='lat' dir='ltr'>die</span> <span class='ocrx_word' id='word_1_55' title='bbox 1027 1155 1140 1218; x_wconf 83' lang='lat' dir='ltr'>tertia?</span> <span class='ocrx_word' id='word_1_56' title='bbox 1191 1153 1257 1218; x_wconf 89' lang='lat' dir='ltr'>siue</span> <span class='ocrx_word' id='word_1_57' title='bbox 1280 1153 1353 1235; x_wconf 91' lang='lat' dir='ltr'>quia</span> <span class='ocrx_word' id='word_1_58' title='bbox 1379 1153 1467 1218; x_wconf 90' lang='lat' dir='ltr'>nohis</span> 
     </span>
     <span class='ocr_line' id='line_1_8' title="bbox 331 1256 1466 1341; baseline 0.004 -23"><span class='ocrx_word' id='word_1_59' title='bbox 331 1256 516 1338; x_wconf 84' lang='lat' dir='ltr'>mysterium</span> <span class='ocrx_word' id='word_1_60' title='bbox 543 1257 690 1322; x_wconf 89' lang='lat' dir='ltr'>trinitatis</span> <span class='ocrx_word' id='word_1_61' title='bbox 718 1259 869 1339; x_wconf 81' lang='lat' dir='ltr'>ostendit,</span> <span class='ocrx_word' id='word_1_62' title='bbox 897 1259 963 1324; x_wconf 89' lang='lat' dir='ltr'>siue</span> <span class='ocrx_word' id='word_1_63' title='bbox 991 1259 1071 1341; x_wconf 91' lang='lat' dir='ltr'>quod</span> <span class='ocrx_word' id='word_1_64' title='bbox 1099 1258 1146 1323; x_wconf 90' lang='lat' dir='ltr'>die</span> <span class='ocrx_word' id='word_1_65' title='bbox 1174 1259 1268 1323; x_wconf 89' lang='lat' dir='ltr'>tertia</span> <span class='ocrx_word' id='word_1_66' title='bbox 1293 1259 1466 1324; x_wconf 82' lang='lat' dir='ltr'>resurrexit.</span> 
     </span>
     <span class='ocr_line' id='line_1_9' title="bbox 332 1359 1468 1447; baseline 0.002 -23"><span class='ocrx_word' id='word_1_67' title='bbox 332 1359 436 1443; x_wconf 89' lang='lat' dir='ltr'>itaque</span> <span class='ocrx_word' id='word_1_68' title='bbox 458 1364 620 1444; x_wconf 88' lang='lat' dir='ltr'>tamquam</span> <span class='ocrx_word' id='word_1_69' title='bbox 644 1381 777 1447; x_wconf 88' lang='lat' dir='ltr'>sponsus</span> <span class='ocrx_word' id='word_1_70' title='bbox 804 1363 976 1447; x_wconf 79' lang='lat' dir='ltr'>procedens</span> <span class='ocrx_word' id='word_1_71' title='bbox 999 1363 1037 1426; x_wconf 89' lang='lat' dir='ltr'>de</span> <span class='ocrx_word' id='word_1_72' title='bbox 1065 1363 1203 1428; x_wconf 86' lang='lat' dir='ltr'>thalamo</span> <span class='ocrx_word' id='word_1_73' title='bbox 1232 1379 1287 1426; x_wconf 91' lang='lat' dir='ltr'>suo</span> <span class='ocrx_word' id='word_1_74' title='bbox 1311 1363 1468 1427; x_wconf 88' lang='lat' dir='ltr'>deseendit</span> 
     </span>
     <span class='ocr_line' id='line_1_10' title="bbox 331 1465 1467 1552; baseline 0.003 -23"><span class='ocrx_word' id='word_1_75' title='bbox 331 1465 370 1528; x_wconf 88' lang='lat' dir='ltr'>ad</span> <span class='ocrx_word' id='word_1_76' title='bbox 393 1469 491 1530; x_wconf 86' lang='lat' dir='ltr'>terras</span> <span class='ocrx_word' id='word_1_77' title='bbox 515 1471 547 1531; x_wconf 91' lang='lat' dir='ltr'>et</span> <span class='ocrx_word' id='word_1_78' title='bbox 569 1467 717 1532; x_wconf 77' lang='lat' dir='ltr'>eeclesiae</span> <span class='ocrx_word' id='word_1_79' title='bbox 749 1487 785 1532; x_wconf 83' lang='lat' dir='ltr'>ex</span> <span class='ocrx_word' id='word_1_80' title='bbox 811 1468 958 1552; x_wconf 87' lang='lat' dir='ltr'>gentibus</span> <span class='ocrx_word' id='word_1_81' title='bbox 985 1468 1220 1552; x_wconf 81' lang='lat' dir='ltr'>congregandae</span> <span class='ocrx_word' id='word_1_82' title='bbox 1251 1473 1396 1550; x_wconf 88' lang='lat' dir='ltr'>suseepta</span> <span class='ocrx_word' id='word_1_83' title='bbox 1420 1468 1467 1532; x_wconf 90' lang='lat' dir='ltr'>in·</span> 
     </span>
     <span class='ocr_line' id='line_1_11' title="bbox 279 1571 1467 1656; baseline 0.003 -24"><span class='ocrx_word' id='word_1_84' title='bbox 279 1595 304 1634; x_wconf 81' lang='lat' dir='ltr'>ro</span> <span class='ocrx_word' id='word_1_85' title='bbox 330 1571 509 1636; x_wconf 84' lang='lat' dir='ltr'>carnatione</span> <span class='ocrx_word' id='word_1_86' title='bbox 532 1572 716 1656; x_wconf 88' lang='lat' dir='ltr'>iungendus.</span> <span class='ocrx_word' id='word_1_87' title='bbox 762 1573 811 1638; x_wconf 91' lang='lat' dir='ltr'>eui</span> <span class='ocrx_word' id='word_1_88' title='bbox 834 1573 959 1656; x_wconf 91' lang='lat' dir='ltr'>quidem</span> <span class='ocrx_word' id='word_1_89' title='bbox 982 1573 1143 1653; x_wconf 79' lang='lat' dir='ltr'>ecelesiae,</span> <span class='ocrx_word' id='word_1_90' title='bbox 1171 1589 1251 1654; x_wconf 89' lang='lat' dir='ltr'>quae</span> <span class='ocrx_word' id='word_1_91' title='bbox 1278 1573 1385 1654; x_wconf 90' lang='lat' dir='ltr'>utique</span> <span class='ocrx_word' id='word_1_92' title='bbox 1411 1589 1467 1636; x_wconf 90' lang='lat' dir='ltr'>nos</span> 
     </span>
     <span class='ocr_line' id='line_1_12' title="bbox 331 1676 1467 1759; baseline 0.002 -21"><span class='ocrx_word' id='word_1_93' title='bbox 331 1693 450 1756; x_wconf 88' lang='lat' dir='ltr'>sumus,</span> <span class='ocrx_word' id='word_1_94' title='bbox 474 1681 505 1740; x_wconf 93' lang='lat' dir='ltr'>et</span> <span class='ocrx_word' id='word_1_95' title='bbox 527 1694 613 1740; x_wconf 87' lang='lat' dir='ltr'>arras</span> <span class='ocrx_word' id='word_1_96' title='bbox 629 1681 662 1742; x_wconf 88' lang='lat' dir='ltr'>et</span> <span class='ocrx_word' id='word_1_97' title='bbox 677 1677 780 1742; x_wconf 90' lang='lat' dir='ltr'>dotem</span> <span class='ocrx_word' id='word_1_98' title='bbox 804 1677 897 1742; x_wconf 89' lang='lat' dir='ltr'>dedit.</span> <span class='ocrx_word' id='word_1_99' title='bbox 945 1695 1030 1742; x_wconf 86' lang='lat' dir='ltr'>arras</span> <span class='ocrx_word' id='word_1_100' title='bbox 1051 1677 1145 1757; x_wconf 87' lang='lat' dir='ltr'>dedit,</span> <span class='ocrx_word' id='word_1_101' title='bbox 1169 1676 1292 1759; x_wconf 92' lang='lat' dir='ltr'>quando</span> <span class='ocrx_word' id='word_1_102' title='bbox 1315 1676 1406 1742; x_wconf 85' lang='lat' dir='ltr'>nobis</span> <span class='ocrx_word' id='word_1_103' title='bbox 1421 1681 1467 1740; x_wconf 88' lang='lat' dir='ltr'>est</span> 
     </span>
     <span class='ocr_line' id='line_1_13' title="bbox 331 1779 1466 1864; baseline 0 -22"><span class='ocrx_word' id='word_1_104' title='bbox 331 1797 367 1842; x_wconf 88' lang='lat' dir='ltr'>ex</span> <span class='ocrx_word' id='word_1_105' title='bbox 389 1779 458 1863; x_wconf 90' lang='lat' dir='ltr'>lege</span> <span class='ocrx_word' id='word_1_106' title='bbox 480 1781 662 1864; x_wconf 88' lang='lat' dir='ltr'>promissus,</span> <span class='ocrx_word' id='word_1_107' title='bbox 690 1781 794 1846; x_wconf 89' lang='lat' dir='ltr'>dotem</span> <span class='ocrx_word' id='word_1_108' title='bbox 817 1781 910 1862; x_wconf 85' lang='lat' dir='ltr'>dedit,</span> <span class='ocrx_word' id='word_1_109' title='bbox 938 1781 1061 1863; x_wconf 91' lang='lat' dir='ltr'>quando</span> <span class='ocrx_word' id='word_1_110' title='bbox 1088 1799 1144 1862; x_wconf 90' lang='lat' dir='ltr'>pro</span> <span class='ocrx_word' id='word_1_111' title='bbox 1172 1779 1261 1844; x_wconf 92' lang='lat' dir='ltr'>nohis</span> <span class='ocrx_word' id='word_1_112' title='bbox 1288 1779 1466 1846; x_wconf 90' lang='lat' dir='ltr'>immolatus</span> 
     </span>
     <span class='ocr_line' id='line_1_14' title="bbox 331 1885 1465 1969; baseline 0.001 -22"><span class='ocrx_word' id='word_1_113' title='bbox 331 1889 387 1947; x_wconf 88' lang='lat' dir='ltr'>est.</span> <span class='ocrx_word' id='word_1_114' title='bbox 434 1887 466 1948; x_wconf 93' lang='lat' dir='ltr'>et</span> <span class='ocrx_word' id='word_1_115' title='bbox 495 1885 555 1948; x_wconf 87' lang='lat' dir='ltr'>alio</span> <span class='ocrx_word' id='word_1_116' title='bbox 589 1885 680 1950; x_wconf 93' lang='lat' dir='ltr'>modo</span> <span class='ocrx_word' id='word_1_117' title='bbox 714 1886 772 1950; x_wconf 88' lang='lat' dir='ltr'>hoo</span> <span class='ocrx_word' id='word_1_118' title='bbox 805 1889 908 1969; x_wconf 88' lang='lat' dir='ltr'>potest</span> <span class='ocrx_word' id='word_1_119' title='bbox 937 1885 1050 1967; x_wconf 77' lang='lat' dir='ltr'>aesini,</span> <span class='ocrx_word' id='word_1_120' title='bbox 1084 1889 1120 1948; x_wconf 93' lang='lat' dir='ltr'>ut</span> <span class='ocrx_word' id='word_1_121' title='bbox 1149 1903 1234 1948; x_wconf 87' lang='lat' dir='ltr'>arras</span> <span class='ocrx_word' id='word_1_122' title='bbox 1269 1889 1465 1967; x_wconf 87' lang='lat' dir='ltr'>praesentem</span> 
     </span>
     <span class='ocr_line' id='line_1_15' title="bbox 331 1988 1467 2074; baseline -0.001 -22"><span class='ocrx_word' id='word_1_123' title='bbox 331 1988 475 2071; x_wconf 85' lang='lat' dir='ltr'>gratiam,</span> <span class='ocrx_word' id='word_1_124' title='bbox 499 1989 604 2054; x_wconf 92' lang='lat' dir='ltr'>dotem</span> <span class='ocrx_word' id='word_1_125' title='bbox 628 1991 848 2074; x_wconf 87' lang='lat' dir='ltr'>intellegamus</span> <span class='ocrx_word' id='word_1_126' title='bbox 871 1990 970 2054; x_wconf 88' lang='lat' dir='ltr'>uitam</span> <span class='ocrx_word' id='word_1_127' title='bbox 993 1993 1162 2053; x_wconf 85' lang='lat' dir='ltr'>aeternam.</span> <span class='ocrx_word' id='word_1_128' title='bbox 1197 1989 1372 2069; x_wconf 88' lang='lat' dir='ltr'>uideamus,</span> <span class='ocrx_word' id='word_1_129' title='bbox 1395 1989 1467 2072; x_wconf 92' lang='lat' dir='ltr'>quid</span> 
     </span>
     <span class='ocr_line' id='line_1_16' title="bbox 279 2092 1468 2178; baseline 0.001 -23"><span class='ocrx_word' id='word_1_130' title='bbox 279 2115 304 2155; x_wconf 78' lang='lat' dir='ltr'>rs</span> <span class='ocrx_word' id='word_1_131' title='bbox 331 2094 397 2177; x_wconf 84' lang='lat' dir='ltr'>agit</span> <span class='ocrx_word' id='word_1_132' title='bbox 419 2094 450 2160; x_wconf 92' lang='lat' dir='ltr'>in</span> <span class='ocrx_word' id='word_1_133' title='bbox 467 2092 553 2160; x_wconf 84' lang='lat' dir='ltr'>Cana</span> <span class='ocrx_word' id='word_1_134' title='bbox 568 2095 734 2160; x_wconf 81' lang='lat' dir='ltr'>Galilaeae.</span> <span class='ocrx_word' id='word_1_135' title='bbox 773 2095 823 2160; x_wconf 90' lang='lat' dir='ltr'>hie</span> <span class='ocrx_word' id='word_1_136' title='bbox 846 2096 908 2159; x_wconf 89' lang='lat' dir='ltr'>iam</span> <span class='ocrx_word' id='word_1_137' title='bbox 931 2095 1065 2178; x_wconf 89' lang='lat' dir='ltr'>prodant</span> <span class='ocrx_word' id='word_1_138' title='bbox 1087 2093 1176 2158; x_wconf 84' lang='lat' dir='ltr'>nohis</span> <span class='ocrx_word' id='word_1_139' title='bbox 1200 2093 1293 2158; x_wconf 91' lang='lat' dir='ltr'>deum</span> <span class='ocrx_word' id='word_1_140' title='bbox 1317 2093 1468 2177; x_wconf 87' lang='lat' dir='ltr'>stupenda</span> 
     </span>
     <span class='ocr_line' id='line_1_17' title="bbox 331 2198 489 2262; baseline 0 0"><span class='ocrx_word' id='word_1_141' title='bbox 331 2198 489 2262; x_wconf 87' lang='lat' dir='ltr'>miraoula.</span> 
     </span>
     <span class='ocr_line' id='line_1_18' title="bbox 374 2301 1468 2387; baseline 0 -21"><span class='ocrx_word' id='word_1_142' title='bbox 374 2301 559 2368; x_wconf 89' lang='lat' dir='ltr'>Statnuntur</span> <span class='ocrx_word' id='word_1_143' title='bbox 582 2305 707 2386; x_wconf 88' lang='lat' dir='ltr'>hydriae</span> <span class='ocrx_word' id='word_1_144' title='bbox 731 2305 889 2387; x_wconf 75' lang='lat' dir='ltr'>capientes</span> <span class='ocrx_word' id='word_1_145' title='bbox 913 2308 1061 2368; x_wconf 87' lang='lat' dir='ltr'>metretas</span> <span class='ocrx_word' id='word_1_146' title='bbox 1085 2303 1175 2367; x_wconf 87' lang='lat' dir='ltr'>binas</span> <span class='ocrx_word' id='word_1_147' title='bbox 1198 2303 1248 2366; x_wconf 91' lang='lat' dir='ltr'>uel</span> <span class='ocrx_word' id='word_1_148' title='bbox 1271 2307 1387 2367; x_wconf 88' lang='lat' dir='ltr'>ternas.</span> <span class='ocrx_word' id='word_1_149' title='bbox 1421 2303 1468 2366; x_wconf 92' lang='lat' dir='ltr'>in-</span> 
     </span>
     <span class='ocr_line' id='line_1_19' title="bbox 331 2407 1466 2490; baseline -0.002 -19"><span class='ocrx_word' id='word_1_150' title='bbox 331 2407 455 2489; x_wconf 89' lang='lat' dir='ltr'>plentm</span> <span class='ocrx_word' id='word_1_151' title='bbox 483 2408 620 2490; x_wconf 86' lang='lat' dir='ltr'>hydriae,</span> <span class='ocrx_word' id='word_1_152' title='bbox 648 2412 811 2473; x_wconf 91' lang='lat' dir='ltr'>mutantur</span> <span class='ocrx_word' id='word_1_153' title='bbox 839 2407 941 2474; x_wconf 90' lang='lat' dir='ltr'>subito</span> <span class='ocrx_word' id='word_1_154' title='bbox 970 2426 1068 2490; x_wconf 90' lang='lat' dir='ltr'>aquae</span> <span class='ocrx_word' id='word_1_155' title='bbox 1099 2407 1242 2472; x_wconf 88' lang='lat' dir='ltr'>homines</span> <span class='ocrx_word' id='word_1_156' title='bbox 1269 2407 1466 2490; x_wconf 86' lang='lat' dir='ltr'>postmodum</span> 
     </span>
     <span class='ocr_line' id='line_1_20' title="bbox 331 2511 1466 2594; baseline -0.003 -18"><span class='ocrx_word' id='word_1_157' title='bbox 331 2515 506 2578; x_wconf 82' lang='lat' dir='ltr'>metaturae</span> <span class='ocrx_word' id='word_1_158' title='bbox 523 2517 564 2594; x_wconf 90' lang='lat' dir='ltr'>et,</span> <span class='ocrx_word' id='word_1_159' title='bbox 588 2513 663 2578; x_wconf 91' lang='lat' dir='ltr'>dum</span> <span class='ocrx_word' id='word_1_160' title='bbox 686 2513 717 2578; x_wconf 95' lang='lat' dir='ltr'>in</span> <span class='ocrx_word' id='word_1_161' title='bbox 741 2513 852 2578; x_wconf 88' lang='lat' dir='ltr'>melius</span> <span class='ocrx_word' id='word_1_162' title='bbox 876 2515 1048 2592; x_wconf 89' lang='lat' dir='ltr'>mutantur,</span> <span class='ocrx_word' id='word_1_163' title='bbox 1072 2512 1160 2576; x_wconf 91' lang='lat' dir='ltr'>uelut</span> <span class='ocrx_word' id='word_1_164' title='bbox 1182 2511 1380 2594; x_wconf 88' lang='lat' dir='ltr'>baptismatis</span> <span class='ocrx_word' id='word_1_165' title='bbox 1403 2511 1466 2574; x_wconf 91' lang='lat' dir='ltr'>uim</span> 
     </span>
    </p>
   </div>
   <div class='ocr_carea' id='block_1_3' title="bbox 279 2615 1470 3324">
    <p class='ocr_par' dir='ltr' id='par_1_3' title="bbox 279 2615 1470 3324">
     <span class='ocr_line' id='line_1_21' title="bbox 279 2615 1469 2700; baseline -0.003 -20"><span class='ocrx_word' id='word_1_166' title='bbox 279 2641 305 2680; x_wconf 80' lang='lat' dir='ltr'>ao</span> <span class='ocrx_word' id='word_1_167' title='bbox 330 2617 509 2698; x_wconf 92' lang='lat' dir='ltr'>loquuntur.</span> <span class='ocrx_word' id='word_1_168' title='bbox 555 2618 690 2700; x_wconf 88' lang='lat' dir='ltr'>quodam</span> <span class='ocrx_word' id='word_1_169' title='bbox 713 2617 805 2682; x_wconf 90' lang='lat' dir='ltr'>modo</span> <span class='ocrx_word' id='word_1_170' title='bbox 827 2618 860 2682; x_wconf 90' lang='lat' dir='ltr'>in</span> <span class='ocrx_word' id='word_1_171' title='bbox 882 2617 944 2682; x_wconf 91' lang='lat' dir='ltr'>illis</span> <span class='ocrx_word' id='word_1_172' title='bbox 968 2617 1137 2681; x_wconf 89' lang='lat' dir='ltr'>similitudo</span> <span class='ocrx_word' id='word_1_173' title='bbox 1160 2615 1404 2698; x_wconf 86' lang='lat' dir='ltr'>regenerationis</span> <span class='ocrx_word' id='word_1_174' title='bbox 1419 2633 1469 2678; x_wconf 85' lang='lat' dir='ltr'>ex-</span> 
     </span>
     <span class='ocr_line' id='line_1_22' title="bbox 331 2719 1468 2804; baseline -0.004 -18"><span class='ocrx_word' id='word_1_175' title='bbox 331 2721 476 2804; x_wconf 89' lang='lat' dir='ltr'>primitm·</span> <span class='ocrx_word' id='word_1_176' title='bbox 504 2727 543 2802; x_wconf 94' lang='lat' dir='ltr'>et,</span> <span class='ocrx_word' id='word_1_177' title='bbox 577 2723 651 2786; x_wconf 90' lang='lat' dir='ltr'>dum</span> <span class='ocrx_word' id='word_1_178' title='bbox 680 2722 763 2786; x_wconf 89' lang='lat' dir='ltr'>ahud</span> <span class='ocrx_word' id='word_1_179' title='bbox 795 2741 831 2786; x_wconf 82' lang='lat' dir='ltr'>er</span> <span class='ocrx_word' id='word_1_180' title='bbox 859 2722 919 2786; x_wconf 90' lang='lat' dir='ltr'>alio</span> <span class='ocrx_word' id='word_1_181' title='bbox 947 2720 1133 2800; x_wconf 78' lang='lat' dir='ltr'>efficiuntur,</span> <span class='ocrx_word' id='word_1_182' title='bbox 1165 2721 1239 2784; x_wconf 92' lang='lat' dir='ltr'>dum</span> <span class='ocrx_word' id='word_1_183' title='bbox 1271 2719 1302 2783; x_wconf 91' lang='lat' dir='ltr'>ln</span> <span class='ocrx_word' id='word_1_184' title='bbox 1336 2719 1468 2802; x_wconf 85' lang='lat' dir='ltr'>speeiem</span> 
     </span>
     <span class='ocr_line' id='line_1_23' title="bbox 331 2823 1469 2908; baseline -0.004 -18"><span class='ocrx_word' id='word_1_185' title='bbox 331 2825 499 2908; x_wconf 89' lang='lat' dir='ltr'>gratiorem</span> <span class='ocrx_word' id='word_1_186' title='bbox 533 2827 661 2892; x_wconf 80' lang='lat' dir='ltr'>interior</span> <span class='ocrx_word' id='word_1_187' title='bbox 694 2830 838 2892; x_wconf 89' lang='lat' dir='ltr'>ereatura</span> <span class='ocrx_word' id='word_1_188' title='bbox 870 2826 1067 2904; x_wconf 86' lang='lat' dir='ltr'>transfertur,</span> <span class='ocrx_word' id='word_1_189' title='bbox 1102 2824 1285 2907; x_wconf 88' lang='lat' dir='ltr'>mysterium</span> <span class='ocrx_word' id='word_1_190' title='bbox 1318 2823 1469 2888; x_wconf 76' lang='lat' dir='ltr'>secundae</span> 
     </span>
     <span class='ocr_line' id='line_1_24' title="bbox 332 2927 1469 3013; baseline -0.004 -19"><span class='ocrx_word' id='word_1_191' title='bbox 332 2930 505 2994; x_wconf 88' lang='lat' dir='ltr'>natiuitatis</span> <span class='ocrx_word' id='word_1_192' title='bbox 529 2931 673 3013; x_wconf 88' lang='lat' dir='ltr'>aperitur.</span> <span class='ocrx_word' id='word_1_193' title='bbox 713 2930 790 2995; x_wconf 91' lang='lat' dir='ltr'>nihil</span> <span class='ocrx_word' id='word_1_194' title='bbox 814 2931 846 2994; x_wconf 95' lang='lat' dir='ltr'>in</span> <span class='ocrx_word' id='word_1_195' title='bbox 869 2930 944 3012; x_wconf 89' lang='lat' dir='ltr'>ipsis</span> <span class='ocrx_word' id='word_1_196' title='bbox 969 2929 1057 3011; x_wconf 88' lang='lat' dir='ltr'>aquis</span> <span class='ocrx_word' id='word_1_197' title='bbox 1082 2929 1119 2993; x_wconf 92' lang='lat' dir='ltr'>de</span> <span class='ocrx_word' id='word_1_198' title='bbox 1147 2946 1205 2992; x_wconf 89' lang='lat' dir='ltr'>sua</span> <span class='ocrx_word' id='word_1_199' title='bbox 1227 2928 1402 3010; x_wconf 87' lang='lat' dir='ltr'>quantitate</span> <span class='ocrx_word' id='word_1_200' title='bbox 1424 2927 1469 2990; x_wconf 92' lang='lat' dir='ltr'>in-</span> 
     </span>
     <span class='ocr_line' id='line_1_25' title="bbox 332 3031 1469 3116; baseline -0.004 -18"><span class='ocrx_word' id='word_1_201' title='bbox 332 3035 482 3099; x_wconf 91' lang='lat' dir='ltr'>minuitur</span> <span class='ocrx_word' id='word_1_202' title='bbox 506 3039 546 3116; x_wconf 85' lang='lat' dir='ltr'>et,</span> <span class='ocrx_word' id='word_1_203' title='bbox 570 3037 645 3100; x_wconf 90' lang='lat' dir='ltr'>dum</span> <span class='ocrx_word' id='word_1_204' title='bbox 668 3036 700 3100; x_wconf 90' lang='lat' dir='ltr'>in</span> <span class='ocrx_word' id='word_1_205' title='bbox 717 3054 749 3098; x_wconf 89' lang='lat' dir='ltr'>se</span> <span class='ocrx_word' id='word_1_206' title='bbox 773 3039 946 3114; x_wconf 90' lang='lat' dir='ltr'>manerent,</span> <span class='ocrx_word' id='word_1_207' title='bbox 971 3053 1038 3098; x_wconf 88' lang='lat' dir='ltr'>ese</span> <span class='ocrx_word' id='word_1_208' title='bbox 1061 3034 1188 3098; x_wconf 89' lang='lat' dir='ltr'>omnino</span> <span class='ocrx_word' id='word_1_209' title='bbox 1212 3031 1308 3097; x_wconf 92' lang='lat' dir='ltr'>nobili</span> <span class='ocrx_word' id='word_1_210' title='bbox 1331 3050 1469 3097; x_wconf 88' lang='lat' dir='ltr'>eommu-</span> 
     </span>
     <span class='ocr_line' id='line_1_26' title="bbox 280 3137 1469 3223; baseline -0.003 -21"><span class='ocrx_word' id='word_1_211' title='bbox 280 3163 306 3202; x_wconf 74' lang='lat' dir='ltr'>ne</span> <span class='ocrx_word' id='word_1_212' title='bbox 333 3140 449 3204; x_wconf 88' lang='lat' dir='ltr'>tatione</span> <span class='ocrx_word' id='word_1_213' title='bbox 484 3141 683 3223; x_wconf 88' lang='lat' dir='ltr'>degenerant.</span> <span class='ocrx_word' id='word_1_214' title='bbox 737 3143 868 3222; x_wconf 88' lang='lat' dir='ltr'>pereunt</span> <span class='ocrx_word' id='word_1_215' title='bbox 906 3137 1101 3202; x_wconf 85' lang='lat' dir='ltr'>substantiae</span> <span class='ocrx_word' id='word_1_216' title='bbox 1139 3155 1228 3216; x_wconf 85' lang='lat' dir='ltr'>snae,</span> <span class='ocrx_word' id='word_1_217' title='bbox 1267 3137 1469 3219; x_wconf 89' lang='lat' dir='ltr'>adquiruntur</span> 
     </span>
     <span class='ocr_line' id='line_1_27' title="bbox 332 3241 1470 3324; baseline -0.004 -16"><span class='ocrx_word' id='word_1_218' title='bbox 332 3244 461 3309; x_wconf 91' lang='lat' dir='ltr'>alienae.</span> <span class='ocrx_word' id='word_1_219' title='bbox 512 3245 619 3310; x_wconf 83' lang='lat' dir='ltr'>fortior</span> <span class='ocrx_word' id='word_1_220' title='bbox 654 3244 742 3309; x_wconf 91' lang='lat' dir='ltr'>tenui</span> <span class='ocrx_word' id='word_1_221' title='bbox 775 3243 924 3308; x_wconf 89' lang='lat' dir='ltr'>materiae</span> <span class='ocrx_word' id='word_1_222' title='bbox 955 3241 1128 3324; x_wconf 90' lang='lat' dir='ltr'>adquiritur</span> <span class='ocrx_word' id='word_1_223' title='bbox 1162 3259 1253 3324; x_wconf 86' lang='lat' dir='ltr'>sapor</span> <span class='ocrx_word' id='word_1_224' title='bbox 1285 3245 1316 3306; x_wconf 93' lang='lat' dir='ltr'>et</span> <span class='ocrx_word' id='word_1_225' title='bbox 1350 3241 1470 3306; x_wconf 87' lang='lat' dir='ltr'>oooulta</span> 
     </span>
    </p>
   </div>
   <div class='ocr_carea' id='block_1_4' title="bbox 436 3469 649 3538">
    <p class='ocr_par' dir='ltr' id='par_1_4' title="bbox 436 3469 649 3538">
     <span class='ocr_line' id='line_1_28' title="bbox 436 3469 649 3538; baseline -0.009 -14"><span class='ocrx_word' id='word_1_226' title='bbox 436 3471 464 3538; x_wconf 83' lang='lat'>4]</span> <span class='ocrx_word' id='word_1_227' title='bbox 484 3469 575 3524; x_wconf 85' lang='lat' dir='ltr'>loenn.</span> <span class='ocrx_word' id='word_1_228' title='bbox 588 3473 613 3534; x_wconf 83' lang='lat'>2,</span> <span class='ocrx_word' id='word_1_229' title='bbox 628 3472 649 3524; x_wconf 93' lang='grc'>1.</span> 
     </span>
    </p>
   </div>
   <div class='ocr_carea' id='block_1_5' title="bbox 332 3673 1470 4054">
    <p class='ocr_par' dir='ltr' id='par_1_5' title="bbox 332 3673 1470 4054">
     <span class='ocr_line' id='line_1_29' title="bbox 377 3673 1470 3757; baseline -0.008 -12"><span class='ocrx_word' id='word_1_230' title='bbox 377 3693 388 3745; x_wconf 96' lang='lat' dir='ltr'>l</span> <span class='ocrx_word' id='word_1_231' title='bbox 410 3673 455 3744; x_wconf 78' lang='lat' dir='ltr'>ini</span> <span class='ocrx_word' id='word_1_232' title='bbox 470 3689 499 3744; x_wconf 89' lang='lat' dir='ltr'><em>D</em></span> <span class='ocrx_word' id='word_1_233' title='bbox 552 3687 690 3742; x_wconf 82' lang='lat' dir='ltr'>uideamus</span> <span class='ocrx_word' id='word_1_234' title='bbox 709 3689 790 3757; x_wconf 70' lang='lat' dir='ltr'>Auq„</span> <span class='ocrx_word' id='word_1_235' title='bbox 807 3687 946 3742; x_wconf 78' lang='lat' dir='ltr'>ueniamus</span> <span class='ocrx_word' id='word_1_236' title='bbox 965 3687 994 3741; x_wconf 90' lang='lat' dir='ltr'><em>D</em></span> <span class='ocrx_word' id='word_1_237' title='bbox 1046 3689 1062 3741; x_wconf 87' lang='lat'>2</span> <span class='ocrx_word' id='word_1_238' title='bbox 1080 3689 1227 3740; x_wconf 77' lang='lat' dir='ltr'>tractemus</span> <span class='ocrx_word' id='word_1_239' title='bbox 1244 3685 1353 3753; x_wconf 67' lang='lat' dir='ltr'>sompni,</span> <span class='ocrx_word' id='word_1_240' title='bbox 1375 3686 1470 3738; x_wconf 77' lang='lat' dir='ltr'>haeu-</span> 
     </span>
     <span class='ocr_line' id='line_1_30' title="bbox 332 3769 1470 3846; baseline -0.007 -15"><span class='ocrx_word' id='word_1_241' title='bbox 332 3793 392 3831; x_wconf 92' lang='lat' dir='ltr'>mus</span> <span class='ocrx_word' id='word_1_242' title='bbox 411 3778 447 3844; x_wconf 90' lang='lat' dir='ltr'>D,</span> <span class='ocrx_word' id='word_1_243' title='bbox 466 3781 640 3830; x_wconf 83' lang='lat' dir='ltr'>retractemus</span> <span class='ocrx_word' id='word_1_244' title='bbox 658 3776 729 3846; x_wconf 74' lang='lat' dir='ltr'>Any.</span> <span class='ocrx_word' id='word_1_245' title='bbox 800 3772 949 3842; x_wconf 78' lang='lat' dir='ltr'>euuangelii</span> <span class='ocrx_word' id='word_1_246' title='bbox 968 3774 997 3827; x_wconf 92' lang='lat' dir='ltr'><em>D</em></span> <span class='ocrx_word' id='word_1_247' title='bbox 1067 3771 1205 3826; x_wconf 70' lang='lat' dir='ltr'>:leheman</span> <span class='ocrx_word' id='word_1_248' title='bbox 1224 3772 1253 3826; x_wconf 90' lang='lat' dir='ltr'><strong><em>D</em></strong></span> <span class='ocrx_word' id='word_1_249' title='bbox 1314 3769 1470 3838; x_wconf 77' lang='lat' dir='ltr'>galileaaD</span> 
     </span>
     <span class='ocr_line' id='line_1_31' title="bbox 333 3857 1469 3934; baseline -0.008 -15"><span class='ocrx_word' id='word_1_250' title='bbox 333 3881 428 3934; x_wconf 85' lang='lat' dir='ltr'>aquam</span> <span class='ocrx_word' id='word_1_251' title='bbox 446 3866 545 3934; x_wconf 79' lang='lat' dir='ltr'>eoripae&#39;</span> <span class='ocrx_word' id='word_1_252' title='bbox 563 3865 621 3921; x_wconf 87' lang='lat' dir='ltr'>ooll.</span> <span class='ocrx_word' id='word_1_253' title='bbox 638 3867 739 3933; x_wconf 64' lang='lat' dir='ltr'>gam,</span> <span class='ocrx_word' id='word_1_254' title='bbox 752 3867 795 3931; x_wconf 85' lang='grc'>18,</span> <span class='ocrx_word' id='word_1_255' title='bbox 814 3877 883 3930; x_wconf 84' lang='lat' dir='ltr'>aqua</span> <span class='ocrx_word' id='word_1_256' title='bbox 900 3861 937 3929; x_wconf 85' lang='lat' dir='ltr'>D,</span> <span class='ocrx_word' id='word_1_257' title='bbox 956 3876 1037 3929; x_wconf 86' lang='lat' dir='ltr'>aquas</span> <span class='ocrx_word' id='word_1_258' title='bbox 1055 3862 1127 3930; x_wconf 72' lang='lat' dir='ltr'>Any.</span> <span class='ocrx_word' id='word_1_259' title='bbox 1189 3857 1291 3912; x_wconf 72' lang='lat' dir='ltr'>litante</span> <span class='ocrx_word' id='word_1_260' title='bbox 1311 3859 1338 3912; x_wconf 88' lang='lat' dir='ltr'><em>D</em></span> <span class='ocrx_word' id='word_1_261' title='bbox 1396 3857 1469 3912; x_wconf 86' lang='lat' dir='ltr'>4in·</span> 
     </span>
     <span class='ocr_line' id='line_1_32' title="bbox 333 3943 1470 4054; baseline -0.009 -48"><span class='ocrx_word' id='word_1_262' title='bbox 333 3951 398 4020; x_wconf 91' lang='lat' dir='ltr'>quid</span> <span class='ocrx_word' id='word_1_263' title='bbox 416 3953 446 4008; x_wconf 93' lang='lat' dir='ltr'>D</span> <span class='ocrx_word' id='word_1_264' title='bbox 498 3950 579 4054; x_wconf 51' lang='lat'>⁵⁸⁰2</span> <span class='ocrx_word' id='word_1_265' title='bbox 597 3966 663 4020; x_wconf 89' lang='lat' dir='ltr'>quae</span> <span class='ocrx_word' id='word_1_266' title='bbox 681 3951 789 4020; x_wconf 66' lang='lat' dir='ltr'>amiam,</span> <span class='ocrx_word' id='word_1_267' title='bbox 807 3963 823 4012; x_wconf 83' lang='lat'>¹)</span> <span class='ocrx_word' id='word_1_268' title='bbox 842 3963 892 4016; x_wconf 90' lang='lat' dir='ltr'>que</span> <span class='ocrx_word' id='word_1_269' title='bbox 910 3949 947 4017; x_wconf 93' lang='lat' dir='ltr'>D,</span> <span class='ocrx_word' id='word_1_270' title='bbox 966 3963 1033 4016; x_wconf 90' lang='lat' dir='ltr'>quae</span> <span class='ocrx_word' id='word_1_271' title='bbox 1046 3949 1122 4050; x_wconf 70' lang='grc' dir='ltr'>ΙΙΑιιρ.</span> <span class='ocrx_word' id='word_1_272' title='bbox 1184 3946 1233 4000; x_wconf 89' lang='lat' dir='ltr'>iste</span> <span class='ocrx_word' id='word_1_273' title='bbox 1251 3945 1280 4000; x_wconf 93' lang='lat' dir='ltr'>D</span> <span class='ocrx_word' id='word_1_274' title='bbox 1336 3943 1470 4000; x_wconf 85' lang='lat' dir='ltr'>8disoen-</span> 
     </span>
    </p>
   </div>
   <div class='ocr_carea' id='block_1_6' title="bbox 334 4053 1470 4394">
    <p class='ocr_par' dir='ltr' id='par_1_6' title="bbox 334 4053 1470 4394">
     <span class='ocr_line' id='line_1_33' title="bbox 334 4053 1470 4132; baseline -0.01 -14"><span class='ocrx_word' id='word_1_275' title='bbox 334 4065 375 4118; x_wconf 92' lang='lat' dir='ltr'>dit</span> <span class='ocrx_word' id='word_1_276' title='bbox 393 4066 422 4120; x_wconf 97' lang='lat' dir='ltr'>D</span> <span class='ocrx_word' id='word_1_277' title='bbox 482 4063 628 4132; x_wconf 74' lang='lat' dir='ltr'>tigenllhus</span> <span class='ocrx_word' id='word_1_278' title='bbox 647 4063 676 4116; x_wconf 92' lang='lat' dir='ltr'>D</span> <span class='ocrx_word' id='word_1_279' title='bbox 739 4065 768 4118; x_wconf 95' lang='lat'>11</span> <span class='ocrx_word' id='word_1_280' title='bbox 789 4064 872 4115; x_wconf 88' lang='lat' dir='ltr'>totam</span> <span class='ocrx_word' id='word_1_281' title='bbox 891 4062 921 4115; x_wconf 94' lang='lat' dir='ltr'>D</span> <span class='ocrx_word' id='word_1_282' title='bbox 984 4063 1015 4116; x_wconf 82' lang='lat'>15</span> <span class='ocrx_word' id='word_1_283' title='bbox 1035 4075 1134 4114; x_wconf 79' lang='lat' dir='ltr'>oannem</span> <span class='ocrx_word' id='word_1_284' title='bbox 1154 4061 1182 4113; x_wconf 92' lang='lat' dir='ltr'>D</span> <span class='ocrx_word' id='word_1_285' title='bbox 1240 4056 1371 4127; x_wconf 84' lang='lat' dir='ltr'>prodeant</span> <span class='ocrx_word' id='word_1_286' title='bbox 1388 4063 1412 4111; x_wconf 83' lang='lat' dir='ltr'>et</span> <span class='ocrx_word' id='word_1_287' title='bbox 1430 4053 1470 4108; x_wconf 88' lang='lat' dir='ltr'>dai</span> 
     </span>
     <span class='ocr_line' id='line_1_34' title="bbox 334 4147 1469 4224; baseline -0.011 -16"><span class='ocrx_word' id='word_1_288' title='bbox 334 4155 405 4224; x_wconf 74' lang='lat' dir='ltr'>Aug.</span> <span class='ocrx_word' id='word_1_289' title='bbox 425 4152 523 4208; x_wconf 68' lang='lat' dir='ltr'>Duae.</span> <span class='ocrx_word' id='word_1_290' title='bbox 587 4153 619 4208; x_wconf 90' lang='grc'>18</span> <span class='ocrx_word' id='word_1_291' title='bbox 637 4149 729 4220; x_wconf 87' lang='lat' dir='ltr'>ydriae</span> <span class='ocrx_word' id='word_1_292' title='bbox 748 4151 777 4205; x_wconf 96' lang='lat' dir='ltr'>D</span> <span class='ocrx_word' id='word_1_293' title='bbox 838 4151 975 4202; x_wconf 81' lang='lat' dir='ltr'>motantur</span> <span class='ocrx_word' id='word_1_294' title='bbox 994 4149 1022 4204; x_wconf 93' lang='lat' dir='ltr'>D</span> <span class='ocrx_word' id='word_1_295' title='bbox 1080 4151 1111 4202; x_wconf 84' lang='lat'>19</span> <span class='ocrx_word' id='word_1_296' title='bbox 1130 4151 1262 4201; x_wconf 85' lang='lat' dir='ltr'>mutatura</span> <span class='ocrx_word' id='word_1_297' title='bbox 1281 4147 1310 4200; x_wconf 93' lang='lat' dir='ltr'>D</span> <span class='ocrx_word' id='word_1_298' title='bbox 1368 4147 1469 4198; x_wconf 83' lang='lat' dir='ltr'>motan-</span> 
     </span>
     <span class='ocr_line' id='line_1_35' title="bbox 334 4229 1470 4304; baseline -0.011 -10"><span class='ocrx_word' id='word_1_299' title='bbox 334 4245 378 4294; x_wconf 91' lang='lat' dir='ltr'>tur</span> <span class='ocrx_word' id='word_1_300' title='bbox 396 4242 426 4295; x_wconf 94' lang='lat' dir='ltr'>D</span> <span class='ocrx_word' id='word_1_301' title='bbox 477 4237 645 4293; x_wconf 87' lang='lat' dir='ltr'>babtismatis</span> <span class='ocrx_word' id='word_1_302' title='bbox 664 4239 693 4292; x_wconf 94' lang='lat' dir='ltr'>D</span> <span class='ocrx_word' id='word_1_303' title='bbox 745 4239 779 4293; x_wconf 88' lang='grc'>20</span> <span class='ocrx_word' id='word_1_304' title='bbox 796 4236 924 4304; x_wconf 87' lang='lat' dir='ltr'>loquutur</span> <span class='ocrx_word' id='word_1_305' title='bbox 937 4237 966 4290; x_wconf 94' lang='lat' dir='ltr'>D</span> <span class='ocrx_word' id='word_1_306' title='bbox 1019 4238 1050 4290; x_wconf 84' lang='lat'>21</span> <span class='ocrx_word' id='word_1_307' title='bbox 1071 4234 1180 4289; x_wconf 79' lang='lat' dir='ltr'>aliutD</span> <span class='ocrx_word' id='word_1_308' title='bbox 1232 4235 1266 4289; x_wconf 93' lang='grc'>22</span> <span class='ocrx_word' id='word_1_309' title='bbox 1283 4231 1430 4301; x_wconf 82' lang='lat' dir='ltr'>gratiorem</span> <span class='ocrx_word' id='word_1_310' title='bbox 1443 4229 1470 4284; x_wconf 94' lang='lat' dir='ltr'>D</span> 
     </span>
     <span class='ocr_line' id='line_1_36' title="bbox 335 4320 1468 4394; baseline -0.01 -14"><span class='ocrx_word' id='word_1_311' title='bbox 335 4325 448 4381; x_wconf 83' lang='lat' dir='ltr'>seeundo</span> <span class='ocrx_word' id='word_1_312' title='bbox 465 4325 545 4382; x_wconf 79' lang='lat' dir='ltr'>Dho&#39;e</span> <span class='ocrx_word' id='word_1_313' title='bbox 597 4325 630 4380; x_wconf 84' lang='grc'>23</span> <span class='ocrx_word' id='word_1_314' title='bbox 649 4324 799 4392; x_wconf 86' lang='lat' dir='ltr'>quantitate</span> <span class='ocrx_word' id='word_1_315' title='bbox 818 4323 899 4394; x_wconf 74' lang='lat' dir='ltr'>Aug,</span> <span class='ocrx_word' id='word_1_316' title='bbox 918 4321 1046 4392; x_wconf 88' lang='lat' dir='ltr'>qualitate</span> <span class='ocrx_word' id='word_1_317' title='bbox 1065 4323 1094 4376; x_wconf 93' lang='lat' dir='ltr'>D</span> <span class='ocrx_word' id='word_1_318' title='bbox 1147 4323 1181 4376; x_wconf 81' lang='grc'>24</span> <span class='ocrx_word' id='word_1_319' title='bbox 1198 4325 1261 4390; x_wconf 70' lang='lat' dir='ltr'>sort.</span> <span class='ocrx_word' id='word_1_320' title='bbox 1281 4320 1398 4386; x_wconf 84' lang='lat' dir='ltr'>manent,</span> <span class='ocrx_word' id='word_1_321' title='bbox 1416 4331 1468 4370; x_wconf 89' lang='lat' dir='ltr'>ma·</span> 
     </span>
    </p>
   </div>
   <div class='ocr_carea' id='block_1_7' title="bbox 335 4401 1583 4486">
    <p class='ocr_par' dir='ltr' id='par_1_7' title="bbox 335 4401 1583 4486">
     <span class='ocr_line' id='line_1_37' title="bbox 335 4401 1583 4486; baseline -0.013 -14"><span class='ocrx_word' id='word_1_322' title='bbox 335 4416 498 4486; x_wconf 79' lang='lat' dir='ltr'>neantAuy.</span> <span class='ocrx_word' id='word_1_323' title='bbox 548 4411 751 4466; x_wconf 87' lang='lat' dir='ltr'>eommutatione</span> <span class='ocrx_word' id='word_1_324' title='bbox 765 4413 795 4468; x_wconf 94' lang='lat' dir='ltr'>D</span> <span class='ocrx_word' id='word_1_325' title='bbox 841 4411 874 4466; x_wconf 86' lang='grc'>25</span> <span class='ocrx_word' id='word_1_326' title='bbox 887 4409 1035 4481; x_wconf 85' lang='lat' dir='ltr'>periuntD</span> <span class='ocrx_word' id='word_1_327' title='bbox 1082 4411 1116 4465; x_wconf 81' lang='grc'>26</span> <span class='ocrx_word' id='word_1_328' title='bbox 1129 4407 1229 4479; x_wconf 73' lang='lat' dir='ltr'>eliaonq¹</span> <span class='ocrx_word' id='word_1_329' title='bbox 1243 4407 1272 4464; x_wconf 94' lang='lat' dir='ltr'>D</span> <span class='ocrx_word' id='word_1_330' title='bbox 1319 4401 1470 4475; x_wconf 73' lang='lat' dir='ltr'>matyrieD</span> <span class='ocrx_word' id='word_1_331' title='bbox 1582 4445 1583 4469; x_wconf 84' lang='lat'>,</span> 
     </span>
    </p>
   </div>
   <div class='ocr_carea' id='block_1_8' title="bbox 0 0 1623 5144">
    <p class='ocr_par' dir='ltr' id='par_1_8' title="bbox 0 0 1623 5144">
     <span class='ocr_line' id='line_1_38' title="bbox 0 0 1623 5144; baseline 0 0"><span class='ocrx_word' id='word_1_332' title='bbox 0 0 1623 5144; x_wconf 95' lang='lat' dir='ltr'> </span> 
     </span>
    </p>
   </div>
  </div>
 </body>
</html>
