3290 5152
308 449 373 515 410
814 453 941 508 Ruricii

308 627 470 708 aliquoties
492 627 645 710 respirare
669 630 701 690 el
724 629 825 712 mogis
848 627 973 693 domino
988 647 1109 708 necere,
1133 646 1228 710 quum
1243 627 1366 708 Libero,
1388 646 1445 711 pe·

307 729 448 794 rentibus
471 748 591 812 quoque
615 748 741 813 operam
764 732 848 812 dare,
872 750 967 814 quem
990 732 1143 812 centibus,
1173 749 1295 810 moneo,
1318 735 1355 795 ut
1376 749 1444 796 crn-

308 835 400 914 stino,
425 835 505 916 qnod
522 836 581 898 eril
600 838 711 916 quarte
733 835 819 916 feria,
842 837 965 916 Brinno,
988 837 1159 920 temporius
1175 839 1291 916 lemen,
1315 836 1397 917 quod
1413 839 1444 899 te

308 939 464 1002 lecturum
487 939 615 1003 minime
638 939 739 1019 eredo,
763 941 841 1004 mihi
863 940 985 1005 ieiunus
1009 958 1161 1004 occurras.

827 1097 926 1160 XXV.

751 1239 892 1280 nussum(
914 1238 999 1281 Aure.

349 1355 443 1420 Aliud
467 1356 545 1420 mihi
567 1357 624 1420 deo
647 1360 726 1424 lesle
749 1357 946 1441 promiseras,
970 1356 1052 1438 qnod
1067 1356 1171 1439 ipsum
1188 1354 1315 1419 deberes
1331 1355 1444 1434 colere,

306 1477 368 1523 non
398 1459 521 1540 Ionum,
552 1461 639 1524 cuius
670 1461 809 1525 criminis
837 1461 933 1524 etiem
956 1479 1007 1524 me
1029 1460 1078 1524 uis
1102 1477 1169 1523 esse
1192 1465 1377 1538 consortem,
1408 1462 1446 1522 nl

307 1581 363 1646 ego
387 1564 426 1627 ed
449 1564 532 1628 hunc
555 1583 690 1629 errorem
713 1565 877 1630 colendum
901 1565 1026 1629 delicias
1042 1563 1278 1628 subministrem
1293 1567 1325 1626 et
1338 1563 1445 1626 oleum

257 1693 281 1731 ιο
307 1667 449 1732 incendio
473 1669 705 1752 superfundam.
740 1670 821 1751 qnod
843 1673 954 1734 neulro
977 1672 1120 1733 nostrum
1142 1667 1266 1732 noueris
1289 1666 1445 1748 expedire.

307 1772 360 1834 red
384 1771 459 1835 diois
483 1773 629 1837 fortasse:
652 1774 811 1856 pollicitus
835 1792 877 1837 es.
924 1791 984 1855 quo
1007 1791 1060 1837 ore
1083 1791 1102 1836 o
1124 1791 1174 1836 me
1196 1771 1351 1854 promisso
1373 1789 1446 1852 per-

306 1875 424 1956 quires,
458 1893 530 1939 cum
560 1881 594 1940 lu
624 1882 820 1942 snercmenle
849 1877 1036 1942 uiolaueris?
1084 1875 1166 1940 unde
1196 1875 1285 1938 debis
1316 1874 1446 1938 nenium

306 1998 395 2043 meae
417 1981 624 2062 promissioni,
648 1982 796 2063 quamdiu
820 1985 851 2046 le
874 1983 946 2046 hnic
969 1983 1086 2046 seruire
1105 1997 1279 2064 cognouere
1294 1979 1445 2062 passioni,

307 2103 346 2147 ne
370 2084 552 2148 confirmare
575 2085 737 2150 uideamur
760 2087 887 2166 leolum,
918 2086 1006 2150 euius
1028 2084 1283 2169 reprehendimus
1305 2087 1447 2166 pentum,

257 2214 280 2254 rs
307 2191 339 2250 el
361 2187 459 2251 simus
483 2189 639 2270 seandalo,
663 2191 712 2253 eui
735 2209 803 2254 esse
826 2191 977 2254 debemus
1000 2190 1150 2273 exemplo.

818 2345 932 2410 xxvi

568 2489 714 2531 numerus
735 2489 925 2532 Aronnurnru
948 2489 1006 2531 8Πο
1029 2489 1183 2532 sehunna.

350 2605 431 2686 Quin
453 2607 553 2672 nostri
576 2625 683 2671 cnrcm
707 2627 830 2690 semper
852 2627 960 2691 gerere
981 2625 1037 2690 pro
1061 2609 1171 2670 mulne
1189 2606 1318 2669 oerilme
1334 2605 1448 2690 digne-

307 2711 393 2790 mini,
423 2711 525 2776 indico
549 2711 700 2776 sollicitae
723 2712 830 2794 pietati
854 2715 885 2798 el
907 2711 976 2794 pise
1000 2711 1201 2775 sollicitudini
1222 2714 1355 2790 uestrae,
1387 2729 1447 2774 nos

255 2841 281 2880 ro
307 2833 369 2879 non
391 2833 525 2898 paruum
549 2816 684 2898 quidem,
708 2817 761 2880 sed
786 2817 842 2879 deo
864 2816 996 2898 propitio
1019 2816 1240 2898 uolupruosum
1256 2831 1275 2877 n
1290 2813 1380 2878 nobis
1395 2834 1448 2878 re·

306 2937 432 2982 uersum
464 2921 636 3002 sumpsisse
667 2921 836 3003 negotium,
868 2921 950 3001 quod
979 2917 1069 2984 nobis
1100 2918 1269 3001 plurimum
1296 2918 1445 3000 prodesse

305 3026 420 3106 posset,
444 3024 470 3086 si
494 3027 549 3087 eut
564 3024 770 3088 intentionem
789 3023 967 3088 intellectus
983 3027 1038 3088 out
1053 3024 1247 3087 intellectum
1263 3027 1446 3104 sequeret-ur

306 3127 477 3210 ingenium.
524 3127 591 3191 sine
613 3145 709 3192 cause
732 3129 816 3192 enim
838 3129 913 3193 solis
935 3131 1039 3192 ortum
1063 3145 1173 3192 caecus
1196 3130 1347 3210 expectet.
1390 3127 1445 3190 ille

306 3231 432 3313 quidem
454 3231 634 3296 uidentibus
658 3251 781 3315 semper
803 3233 948 3312 exoritur,
971 3249 1033 3296 non
1049 3231 1249 3296 cernentibus
1265 3247 1337 3294 nero
1352 3229 1445 3294 iubar

254 3360 280 3400 rs
305 3335 404 3418 ipsius
432 3336 522 3418 qussi
544 3334 680 3400 nubibus
704 3355 827 3420 semper
850 3337 995 3420 operitur.
1041 3335 1171 3402 Sollium
1194 3335 1278 3400 enim
1300 3338 1443 3398 noslrum

306 3439 455 3504 domnum
486 3445 669 3524 patremque
696 3459 906 3522 communem,
937 3459 1030 3523 quem
1054 3440 1323 3504 transcribendum
1346 3439 1445 3503 subli-

306 3545 408 3609 mitati
438 3549 561 3609 uestrae
591 3545 713 3609 dedisse
743 3565 794 3610 me
824 3546 972 3626 dixeram,
1002 3544 1169 3630 legendum
1200 3544 1309 3626 recepi.
1354 3543 1444 3606 cuius

305 3649 408 3730 leclio,
431 3649 512 3714 sicul
533 3649 611 3714 milri
632 3651 795 3731 antiquum
818 3653 973 3714 restauret
996 3649 1153 3728 ellectum,
1177 3648 1223 3712 ite
1244 3667 1317 3731 pree
1332 3647 1444 3712 obseu-

306 3755 396 3819 rilole
425 3754 578 3818 dictorum
602 3772 663 3818 non
687 3755 828 3819 accendit
849 3755 1020 3838 ingenium,
1050 3752 1225 3835 quemlibet
1247 3753 1350 3836 ipsum
1371 3757 1444 3834 post

350 3963 549 4034 lruspirsriS
617 3965 756 4032 ungeres
806 3963 1080 4030 lctS¹(?),utS¹
1133 3959 1312 4018 ‘ldeberisS
1369 3961 1443 4016 sie

306 4051 432 4106 nuumS
499 4049 679 4106 edilieims
749 4053 778 4106 11
803 4049 913 4104 dioesc
982 4049 1117 4118 perquires
1138 4050 1244 4118 scripsi,
1267 4047 1445 4117 pommus

307 4139 340 4193 12
362 4137 440 4190 uenis
462 4139 485 4193 S
555 4139 587 4193 13
609 4137 725 4206 parsioni
747 4155 764 4191 o
785 4139 816 4190 in
837 4143 919 4205 teau,
941 4137 1057 4206 portioni
1079 4137 1123 4191 uel
1144 4151 1271 4204 personne
1289 4155 1305 4190 o
1322 4137 1352 4190 in
1368 4137 1444 4192 notis

308 4227 340 4278 14
361 4227 469 4291 pentum
494 4240 514 4277 e.
532 4240 553 4278 r.
573 4223 675 4276 luctum
699 4243 713 4279 e
786 4226 817 4277 15
840 4223 883 4276 cui
905 4224 967 4288 Kr,
993 4223 1068 4275 onius
1091 4224 1120 4290 S,
1147 4221 1245 4290 quibus
1271 4241 1287 4277 n
1312 4224 1343 4276 in
1367 4224 1444 4278 notis

309 4309 444 4379 lepras
502 4312 537 4364 20
555 4327 685 4376 reuersus
703 4309 815 4364 nmsisse
834 4312 878 4376 δ”,
896 4310 1005 4362 reuersi
1023 4309 1148 4363 sumsisse
1167 4311 1205 4366 S²
1267 4312 1301 4365 22
1317 4309 1446 4378 possitS

306 4399 341 4453 23
359 4398 477 4452 cecusS
528 4399 561 4452 24
580 4395 708 4453 iuberiS
