3268 5142
523 473 751 543 Epistularum
768 471 823 528 lib.
836 471 865 526 11
885 475 994 530 14-15.
1264 471 1329 538 395

189 651 291 728 tuae,
319 647 391 729 quia
413 647 582 712 secundum
608 648 706 730 ipsius
730 647 846 712 domiui
868 647 967 712 nostri
990 649 1178 712 sententiam
1201 666 1271 712 non
1294 648 1331 712 in

190 753 430 817 manufactis
451 752 599 816 habitat
618 752 706 816 deus
728 769 794 816 nec
809 752 847 816 in
863 751 1121 816 tabernaculis
1138 752 1209 816 uiri
1224 751 1331 816 bene-

189 856 371 938 placitum
402 857 448 936 ci,
480 857 543 920 sed
572 855 854 939 beneplacitum
885 859 941 920 est
964 857 996 920 ei
1019 875 1129 939 super
1151 857 1331 920 timentes

191 978 229 1024 sc
252 962 287 1024 et
311 959 348 1024 iu
370 977 425 1040 ec,
449 960 510 1041 qui
533 964 659 1042 sperat
680 960 717 1024 in
740 960 1046 1024 misericordiam.
1083 963 1115 1024 et
1134 960 1201 1044 ipse
1217 960 1331 1024 iterum

192 1081 248 1128 uos
271 1082 326 1146 per
347 1065 534 1148 prophetam
557 1063 665 1128 docere
694 1063 852 1148 dignatur:
884 1065 1028 1128 caelum
1058 1064 1148 1128 mihi
1174 1064 1330 1128 thronus
1369 1094 1382 1134 s

192 1171 264 1248 est,
298 1171 400 1232 terra
434 1171 557 1232 autem
589 1167 795 1232 scabellum
828 1169 962 1250 pedum
997 1185 1169 1232 meorum.
1224 1185 1332 1249 quam

192 1271 285 1335 mihi
314 1271 438 1336 sedem
469 1271 729 1336 aedificabitis
761 1275 825 1336 aut
855 1272 936 1354 quis
968 1272 1041 1337 erit
1062 1273 1166 1337 locus
1189 1270 1332 1354 requie-

192 1375 307 1440 tionis
331 1393 446 1456 meae,
470 1394 591 1440 nonne
613 1376 704 1440 haec
727 1378 850 1442 omnia
871 1377 962 1441 fecit
984 1394 1114 1440 manus
1138 1377 1238 1439 mea?
1269 1377 1333 1438 ant

193 1497 304 1561 snper
333 1497 441 1560 quem
473 1479 588 1544 alium
618 1481 832 1562 respiciam,
863 1481 936 1545 nisi
962 1499 1073 1562 super
1095 1480 1274 1544 humilem
1298 1481 1334 1542 et

193 1583 360 1664 quietum
384 1587 421 1648 et
443 1587 667 1648 trementem
690 1602 880 1648 sermones
904 1587 1026 1648 meos?
1062 1585 1173 1666 etipse
1189 1584 1221 1647 in
1237 1601 1333 1647 euan-
1360 1614 1386 1654 ro

192 1687 274 1770 gelio
290 1687 433 1752 dominus
450 1689 580 1752 clamat:
605 1690 730 1752 uenite
754 1689 797 1752 ad
820 1707 875 1752 me
898 1707 1040 1770 omues,
1063 1689 1127 1770 qui
1148 1685 1332 1752 laboratis

193 1795 228 1856 et
251 1793 396 1857 onerati
421 1793 527 1874 estis,
551 1795 586 1856 ct
609 1810 675 1876 ego
698 1792 868 1857 reficiam
891 1810 957 1857 uos
974 1795 1006 1856 et
1027 1793 1157 1874 reliqua,
1181 1809 1261 1874 quae
1284 1809 1333 1854 se-

193 1898 316 1960 cuntur.
363 1899 395 1960 ct
423 1895 502 1977 ideo,
532 1897 565 1962 iu
589 1895 711 1961 Christo
742 1897 868 1961 domiuo
899 1897 1063 1962 carissima
1092 1913 1178 1961 soror
1201 1913 1237 1960 ac
1259 1893 1333 1975 filia,

194 1999 341 2081 pristinae
372 2001 618 2066 conuersationis
646 2000 815 2066 ambitione
843 2001 984 2082 deposita
1005 1999 1216 2064 humilitatem
1239 1997 1333 2062 debes

194 2101 293 2168 cordis
316 2102 455 2184 induere,
478 2105 723 2170 misericordiam
745 2105 962 2189 indigentibus
977 2105 1130 2185 fenerare,
1154 2103 1334 2168 castitatem
1362 2137 1387 2175 ,ὅ

195 2225 256 2272 non
279 2207 381 2272 solum
404 2209 550 2291 corporis,
573 2209 627 2272 sed
651 2209 774 2273 animae
796 2227 972 2291 procurare,
996 2209 1077 2291 qnod
1098 2209 1265 2274 educante
1281 2207 1335 2272 do·

195 2312 280 2376 mino
303 2313 338 2376 ut
360 2311 521 2393 adquirere
543 2313 649 2378 calcas
673 2313 790 2396 pariter
813 2317 844 2377 ct
866 2314 1031 2394 obambire,
1062 2311 1264 2377 ieiunandum
1287 2314 1335 2375 cst

196 2416 317 2498 saepius
342 2419 372 2480 et
395 2435 519 2499 semper
541 2418 704 2500 orandum,
728 2418 799 2500 quia
821 2417 925 2482 Adam
947 2418 1084 2500 paradisi
1107 2420 1139 2482 ct
1161 2419 1265 2481 custos
1281 2416 1335 2479 de-

197 2517 360 2603 legabatur
392 2523 423 2584 et
453 2521 591 2602 celenna,
622 2522 741 2586 scilieet
770 2525 805 2586 nt
834 2522 963 2586 haberet
993 2521 1140 2605 operandi
1168 2520 1334 2585 materiam

196 2622 324 2688 libertas
347 2622 468 2688 arbitrii
492 2629 533 2706 et,
563 2626 645 2708 quod
669 2625 845 2690 orationum
868 2626 1057 2691 obtinuisset
1078 2625 1241 2704 industria,
1263 2641 1334 2706 par-
1361 2655 1387 2694 11

196 2727 300 2792 citatis
331 2725 522 2793 abstinentia
552 2729 729 2794 custodiret.
775 2731 830 2794 sed
859 2730 1006 2812 qnoniam
1028 2729 1166 2813 neglexit
1188 2727 1247 2792 sibi
1270 2745 1334 2791 ser·

196 2849 267 2894 nare
289 2831 449 2912 ieiunium,
472 2851 528 2915 por
551 2833 836 2916 concupiscentiam
858 2834 990 2898 uetitam
1013 2833 1120 2898 amitit
1142 2835 1174 2896 ct
1188 2832 1287 2896 uitam
1304 2833 1336 2895 et

196 2933 462 3000 inmortalitatem.

238 3037 303 3103 Sub
326 3039 517 3104 Hiercbabel
547 3059 652 3106 muros
675 3041 875 3106 Hierusalem
906 3041 1024 3106 reuersi
1054 3041 1093 3104 ad
1121 3039 1335 3123 captiuitatem

195 3141 393 3226 reparabant,
424 3162 496 3208 cum
528 3145 572 3210 eir
603 3149 687 3210 esset
717 3149 826 3210 contra
856 3145 1047 3229 alienigenas
1076 3163 1133 3227 pro
1167 3143 1336 3209 eorundem
1362 3173 1388 3214 2⁶

197 3265 358 3312 murorum
380 3249 604 3314 restauratione
620 3253 790 3330 certamen,
815 3249 1024 3332 operabantur
1039 3249 1147 3313 dextra
1162 3251 1194 3312 st
1208 3247 1337 3312 sinistra

196 3349 390 3434 pugnabant,
414 3353 532 3417 scilicet
555 3357 679 3418 scutum
702 3353 775 3418 fidei
797 3355 888 3418 laeua
910 3357 1018 3418 contra
1038 3352 1232 3417 aduersarios
1247 3368 1336 3435 prae-

197 3455 361 3520 tendentes
392 3459 424 3520 et
454 3457 561 3521 dextra
588 3458 740 3522 bonorum
764 3477 893 3542 operum
917 3461 1079 3540 mmqnam
1101 3456 1239 3539 lapidum
1263 3473 1336 3520 cou-

197 3558 368 3642 positcrum
384 3561 509 3626 moenia
524 3566 747 3626 construentes.
779 3563 834 3627 sed
850 3566 882 3627 ct
896 3562 956 3644 ipsi
971 3563 1040 3642 uiri,
1062 3561 1115 3644 qui
1130 3560 1337 3624 aedificabant

198 3681 269 3728 cum
291 3663 451 3748 prophetis
475 3665 551 3746 suis,
575 3685 667 3748 super
689 3666 813 3732 lumbos
837 3667 931 3734 cincti
954 3665 1171 3750 operabantur,
1200 3665 1281 3746 quod
1305 3669 1338 3728 et
1364 3693 1391 3734 so

303 3827 516 3898 1]Aet.1t‚24;
534 3829 632 3882 Psalm.
648 3831 705 3894 146,
720 3833 759 3885 10.
814 3829 842 3898 5]
854 3829 924 3884 Esai.
938 3833 979 3894 66,
995 3833 1017 3885 1.
1073 3829 1117 3898 11]
1130 3827 1226 3883 Mattb.
1241 3831 1280 3894 11,
1293 3831 1336 3886 28.

202 3915 243 3984 18]
263 3914 327 3970 Gon.
341 3917 365 3980 2,
380 3919 419 3971 15.
474 3915 520 3986 24]
538 3915 642 3971 26161.
656 3919 681 3981 4,
695 3919 735 3972 17.

241 4063 598 4135 2mauufactisltampliscs
611 4066 815 4136 [inlperinm.
869 4068 1017 4134 dsperatv,
1030 4067 1173 4134 sperantS
1222 4065 1299 4120 midai
1309 4068 1338 4135 6,

201 4151 412 4208 misericordiae
461 4153 517 4222 ipse
534 4169 669 4222 saprum
685 4154 721 4209 6ι
774 4155 935 4209 5110111116
985 4151 1162 4210 caestibus
1214 4155 1243 4208 11
1258 4153 1341 4210 orirS

204 4241 233 4295 15
250 4239 412 4312 fenerares
465 4242 497 4295 18
514 4239 681 4308 paradysiS
732 4245 824 4294 custus
843 4241 866 4296 6
872 4243 880 4276 ¹
934 4239 1062 4308 diligatur
1082 4241 1126 4306 8¹,
1145 4239 1283 4309 delegatur
1300 4241 1339 4296 6ι

203 4329 233 4380 19
251 4325 383 4396 operando
401 4344 434 4383 cc
451 4325 578 4396 operandi
592 4329 627 4382 6Ι
680 4329 714 4382 24
727 4325 942 4382 Zorobabeloin
952 4327 1025 4382 notis
1079 4327 1264 4396 scaptiuitnte
1276 4328 1339 4395 Ka,

201 4415 261 4480 sort.
274 4421 342 4469 recte
385 4415 428 4476 ,26
446 4413 681 4469 restaurationis
735 4417 768 4468 27
787 4413 889 4469 lcuaS
945 4411 1096 4468 aduersario
1114 4413 1340 4482 pretendentisS
