3244 5130
261 470 321 532 180
694 465 744 522 111.
764 465 912 537 Epistula
932 471 954 521 3.

256 649 318 710 ianr
342 665 391 709 res
415 645 473 726 dci,
497 643 550 708 sed
574 664 646 728 pars
669 644 719 709 dei
742 644 936 708 aestimanda
958 644 1105 727 iungitur.
1153 643 1232 723 uida,
1255 661 1316 725 quo
1339 641 1393 706 ad·

257 751 391 813 sartores
420 767 492 813 suos
516 748 608 812 ducat
631 749 687 813 alti
710 749 873 832 prolapsus
897 748 1019 813 erroris
1066 747 1210 828 equidem
1233 745 1322 810 uobis
1346 763 1393 825 ea,

257 871 337 934 quae
368 871 462 934 supra
491 871 547 917 nos
578 857 662 934 sunt,
692 851 862 917 inuisibilia
891 857 975 932 sunt,
1012 851 1066 915 sed
1097 851 1202 916 omnia
1229 850 1282 930 illi,
1313 850 1395 913 sicut

257 955 547 1040 conprehensibilia‚
571 957 615 1021 ita
639 960 670 1021 et
686 975 832 1040 corporea
848 961 931 1036 sunt,
955 957 1008 1038 qui
1024 975 1060 1019 or
1076 956 1174 1019 nihilo
1190 955 1264 1019 lecit
1279 955 1393 1034 omnia,

218 1088 230 1126 e
258 1079 337 1144 quae
361 1063 440 1125 siout
462 1080 552 1143 opero
576 1061 724 1141 instituit,
748 1061 792 1126 ita
816 1066 847 1126 at
870 1061 1001 1126 matoria
1024 1060 1232 1142 incorporauit
1255 1063 1285 1123 et
1300 1058 1393 1122 rebus

258 1166 414 1245 omnibus,
438 1166 619 1247 intorques
644 1169 674 1229 et
698 1166 802 1230 anima
818 1169 971 1245 censetur,
996 1165 1076 1229 siout
1092 1164 1249 1228 distribuit
1263 1163 1394 1244 pondus,

251 1289 424 1338 ¹numerum
446 1267 553 1354 (atque
578 1269 781 1354 mensuram),
805 1271 849 1334 ita
872 1273 904 1332 et
927 1271 1031 1351 posuit
1052 1268 1269 1351 quantitatem.

301 1374 387 1438 Inter
411 1374 487 1438 haec
510 1375 537 1437 si
559 1374 648 1453 forte,
673 1377 707 1437 ut
730 1373 923 1453 dictumest,
947 1373 1153 1437 adserendum
1171 1372 1280 1454 aliquia
1297 1375 1394 1454 putot,

257 1477 339 1559 quod
362 1478 415 1542 illa
442 1478 601 1561 angelicae
625 1478 797 1542 subtilitate
820 1481 949 1542 naturae
973 1477 1127 1559 quaedam
1150 1475 1292 1558 contagio
1314 1475 1394 1538 aeris

207 1612 231 1650 ro
258 1582 350 1646 huius
381 1582 568 1646 admixtione
599 1583 728 1647 collecta
762 1581 899 1645 flammis
934 1581 1108 1645 inuenietur
1142 1580 1287 1660 obnoxia,
1322 1596 1395 1661 ergo

258 1685 290 1748 in
322 1703 391 1750 aero
419 1685 494 1764 solo,
526 1689 617 1768 prout
641 1685 692 1766 ait,
725 1685 752 1749 si
775 1703 900 1750 aereum
925 1689 983 1765 est,
1014 1685 1094 1767 quod
1117 1684 1247 1763 ardebit,
1279 1700 1337 1747 non
1362 1683 1394 1746 in

259 1791 321 1870 illo,
353 1789 407 1853 sed
431 1793 517 1853 entra
548 1790 636 1853 illuni
667 1808 767 1872 poena
797 1789 962 1854 dosaouiet.
1001 1788 1056 1852 sed
1080 1789 1196 1870 absque
1219 1787 1310 1852 dubio
1334 1803 1394 1850 nou

258 1895 341 1958 aliud
373 1899 420 1958 est
450 1913 545 1978 quam
576 1893 753 1958 substantia
782 1895 928 1978 corporis,
960 1893 1012 1958 ubi
1035 1893 1187 1957 dominari
1211 1892 1325 1976 poterit
1347 1891 1395 1954 uis

259 1998 382 2063 doloris.
422 1999 502 2079 uide,
527 2017 587 2080 quo
603 1999 711 2063 tendat
727 1999 896 2080 inprudens
914 2003 944 2062 et
960 1997 1096 2081 inperita
1112 1997 1283 2079 persuasio,
1306 2013 1394 2078 quae,

208 2131 232 2170 ra
259 2103 473 2186 incorporeum
497 2122 567 2166 cunr
592 2103 736 2186 loquitur,
761 2103 855 2168 etiarn
877 2102 1211 2184 inconprehensibilarn
1234 2099 1396 2164 confitetur

259 2228 294 2273 ac
318 2210 363 2273 sio
386 2209 509 2274 condito
532 2209 681 2274 adscribit
703 2211 796 2294 operi,
824 2211 906 2292 quod
929 2211 987 2274 soli
1011 2209 1148 2292 conpetit
1171 2208 1329 2286 conditori,
1359 2223 1396 2269 ac

259 2314 351 2378 rebus
383 2315 494 2378 creatis
525 2315 734 2378 communicat
764 2315 926 2398 priuilegia
957 2313 1129 2378 maiestatis
1160 2317 1191 2377 et
1222 2311 1393 2376 indebitam

259 2419 397 2483 facturae
420 2420 592 2500 potentiam
615 2438 712 2500 usque
736 2419 775 2482 ad
791 2419 914 2483 lactoris
931 2419 1068 2483 extendit
1084 2418 1238 2482 iniuriam.
1274 2417 1301 2480 si
1318 2416 1396 2479 bane

260 2523 465 2605 requiramus,
497 2523 536 2588 ad
566 2541 643 2606 quos
676 2542 780 2587 reruni
804 2524 904 2587 exitus
928 2523 1068 2587 animuin
1091 2523 1217 2602 referas,
1248 2521 1323 2585 haec
1346 2520 1396 2582 uel

209 2654 235 2692 ao
262 2628 395 2692 manime
427 2626 585 2691 diabolum
615 2627 780 2692 credulitas
812 2647 848 2690 en
876 2627 928 2692 illa
951 2626 1060 2692 beatae
1084 2627 1166 2690 sedis
1189 2626 1320 2690 statione
1343 2625 1397 2687 de-

261 2733 361 2796 uoluit
392 2735 422 2796 at
452 2736 576 2815 propter·
606 2731 664 2796 hoc
688 2732 790 2814 augeli
813 2731 947 2815 perdidit
969 2731 1163 2814 dignitatern,
1195 2730 1269 2793 durn
1293 2749 1325 2794 se
1348 2728 1397 2792 dei

262 2837 434 2919 praesumit
457 2835 572 2900 habero
596 2839 750 2901 naturam.

306 2940 393 3005 Unus
426 2958 498 3024 ergo
530 2941 605 3004 deus
635 2941 842 3023 incorporeae,
873 2920 946 3022 quia
976 2944 1007 3004 ot
1034 2939 1341 3022 inconprehensibilis
1365 2941 1397 3000 et

262 3044 375 3126 ubique
403 3045 543 3124 diffusus,
575 3065 610 3108 er
642 3045 757 3110 nullius
789 3045 872 3109 anim
895 3045 1034 3109 iacturae
1057 3062 1220 3128 corporeae
1242 3043 1398 3127 (materia)

365 3175 382 3226 4
404 3173 449 3240 qui
472 3173 733 3241 er-quantitatom
756 3175 834 3242 affert
861 3173 957 3228 Claud.
977 3175 1062 3229 Mam.
1082 3173 1150 3228 113
1167 3175 1204 3243 (p.
1223 3176 1329 3241 105,·16
1341 3171 1397 3238 11).

307 3288 319 3341 1
340 3285 515 3354 aestimanda]
536 3285 583 3339 deo
601 3286 664 3342 add.
682 3287 833 3342 Mammea
902 3287 918 3342 2
941 3285 1080 3356 prolapsus
1101 3286 1198 3342 Claud
1219 3285 1398 3353 1111111113,

262 3387 309 3440 pro
327 3371 414 3442 lapsos
434 3373 463 3442 S,
480 3388 528 3442 per
546 3372 668 3442 lapsuao
721 3374 858 3429 erroresS
908 3373 1030 3442 equidem
1043 3392 1066 3441 u,
1085 3373 1236 3442 quidemS
1286 3370 1365 3428 ailla
1382 3390 1400 3427 v

263 3463 278 3514 5
291 3473 341 3527 que
356 3459 378 3514 S
428 3460 608 3530 incer-parauit
624 3459 719 3516 Claud.
734 3461 819 3516 Mam.
834 3462 850 3516 l.
865 3462 895 3530 1.,
911 3461 1061 3530 corporauit
1075 3462 1098 3517 S
1148 3463 1163 3516 1
1183 3463 1210 3514 et
1227 3466 1290 3514 uiae
1307 3473 1399 3512 numa·

263 3561 321 3599 rum
334 3547 426 3602 addc
479 3549 557 3615 atqua
570 3563 722 3601 mensuram
736 3548 834 3602 addidi
846 3565 879 3603 ex
894 3547 991 3604 Claud.
1006 3548 1092 3603 Mam.
1105 3549 1121 3602 1.
1135 3565 1165 3614 c,
1178 3565 1228 3602 om.
1244 3547 1267 3602 S
1317 3561 1398 3614 quan-

262 3633 369 3686 titatem
385 3631 480 3689 Claud.
494 3634 580 3689 Mam.
597 3636 613 3690 1.
627 3653 657 3702 o,
677 3634 855 3702 qualitatesS
905 3635 1030 3691 ShaeS
1082 3633 1284 3690 asubtilitaso
1336 3648 1399 3701 qua·

263 3719 325 3773 dom
346 3721 374 3789 S,
392 3720 540 3788 quadamo
588 3722 778 3790 contagiones
832 3725 863 3777 10
881 3721 1068 3777 inueniaturv
1131 3725 1160 3777 ll
1180 3721 1207 3774 in
1226 3737 1285 3774 aera
1303 3719 1357 3774 solo
1374 3737 1400 3789 u,

259 3824 312 3875 pro
331 3823 389 3861 aare
407 3809 516 3864 uidetur
529 3807 572 3862 dio
585 3817 688 3864 exstare
706 3811 737 3864 in
750 3810 780 3877 S,
799 3809 827 3862 in
839 3808 944 3862 diabolo
957 3809 1111 3864 Koresobiua
1165 3811 1196 3862 12
1208 3812 1282 3861 entra
1293 3827 1316 3876 o,
1334 3823 1363 3859 ex
1376 3807 1401 3862 S

263 3891 396 3948 desaeuiot
418 3897 569 3964 Harteliaa,
592 3895 695 3949 dasatni
717 3895 739 3948 la
764 3899 793 3964 S,
817 3895 1001 3950 dasacuiretv
1056 3898 1087 3952 14
1106 3911 1171 3964 quae
1188 3897 1295 3965 scripsi
1313 3893 1359 3962 qui
1378 3895 1403 3948 S

265 3982 296 4034 15
319 3981 503 4050 incorporeum
526 3999 586 4036 cunr
605 3984 711 4052 scripsi,
738 3981 875 4051 incorpore
902 3997 963 4036 curn
989 3984 1017 4050 S,
1040 3982 1223 4051 incorporeum
1245 3997 1305 4034 eum
1324 3981 1401 4035 Kra-

262 4067 352 4121 ecbius
370 4069 401 4122 ia
419 4069 508 4124 indice
520 4087 539 4124 a.
552 4087 579 4123 a.
593 4069 672 4137 loqui,
693 4069 877 4138 incorporeum
896 4087 912 4125 o
966 4071 997 4124 11
1011 4069 1208 4123 communicant
1222 4069 1245 4124 S
1300 4071 1332 4124 18
1345 4067 1401 4120 iac-

263 4157 339 4206 turae
360 4157 466 4224 scripsi,
490 4155 596 4209 farturae
620 4158 649 4224 S,
672 4157 846 4210 cr·eaturaeu
915 4159 949 4211 20
972 4156 1149 4212 maximaeS
1221 4153 1361 4208 erudelitas
1385 4174 1403 4210 v

263 4241 297 4294 22
315 4239 411 4294 habere
429 4259 564 4311 suprascr.
586 4244 617 4299 S¹
689 4245 723 4298 24
746 4257 853 4311 corpore
876 4261 892 4298 o
963 4243 1073 4296 materia
1095 4241 1231 4296 rnateriale
1250 4243 1401 4309 Humiles,

264 4327 400 4380 materiale
419 4330 482 4396 MS,
506 4347 543 4383 aar
562 4329 674 4382 materia
691 4328 736 4382 ille
753 4330 945 4387 scribendum?
963 4346 1070 4399 corporo
1089 4329 1224 4383 materiale
1244 4330 1402 4398 Mammam,

263 4431 290 4472 re
310 4415 444 4468 materiale
458 4417 612 4470 Krousa-bias
631 4419 671 4482 (lu
690 4418 865 4472 errrmduudis
882 4435 908 4485 p.
923 4417 1085 4484 LXXVII)
