<?xml version="1.0" encoding="UTF-8"?>
<!DOCTYPE html PUBLIC "-//W3C//DTD XHTML 1.0 Transitional//EN"
    "http://www.w3.org/TR/xhtml1/DTD/xhtml1-transitional.dtd">
<html xmlns="http://www.w3.org/1999/xhtml" xml:lang="en" lang="en">
 <head>
  <title>
</title>
<meta http-equiv="Content-Type" content="text/html;charset=utf-8" />
  <meta name='ocr-system' content='tesseract 3.04.00' />
  <meta name='ocr-capabilities' content='ocr_page ocr_carea ocr_par ocr_line ocrx_word'/>
</head>
<body>
  <div class='ocr_page' id='page_1' title='image "./praetersermones01fausgoog_0161.png"; bbox 0 0 3264 5134; ppageno 0'>
   <div class='ocr_carea' id='block_1_1' title="bbox 311 445 982 515">
    <p class='ocr_par' dir='ltr' id='par_1_1' title="bbox 311 445 982 515">
     <span class='ocr_line' id='line_1_1' title="bbox 311 445 982 515; baseline -0.003 -14"><span class='ocrx_word' id='word_1_1' title='bbox 311 446 353 510; x_wconf 80' lang='grc'><strong>74</strong></span> <span class='ocrx_word' id='word_1_2' title='bbox 770 445 793 500; x_wconf 88' lang='lat'><strong>1.</strong></span> <span class='ocrx_word' id='word_1_3' title='bbox 811 446 857 500; x_wconf 87' lang='lat' dir='ltr'><strong>De</strong></span> <span class='ocrx_word' id='word_1_4' title='bbox 875 445 982 515; x_wconf 83' lang='lat' dir='ltr'><strong>gratia</strong></span> 
     </span>
    </p>
   </div>
   <div class='ocr_carea' id='block_1_2' title="bbox 255 621 1450 3734">
    <p class='ocr_par' dir='ltr' id='par_1_2' title="bbox 255 621 1450 3734">
     <span class='ocr_line' id='line_1_2' title="bbox 310 621 1448 706; baseline 0 -20"><span class='ocrx_word' id='word_1_5' title='bbox 310 626 371 687; x_wconf 86' lang='lat' dir='ltr'><strong>tuo</strong></span> <span class='ocrx_word' id='word_1_6' title='bbox 395 625 431 686; x_wconf 90' lang='lat' dir='ltr'><strong>et</strong></span> <span class='ocrx_word' id='word_1_7' title='bbox 453 623 523 687; x_wconf 90' lang='lat' dir='ltr'><strong>duo</strong></span> <span class='ocrx_word' id='word_1_8' title='bbox 545 623 673 706; x_wconf 93' lang='lat' dir='ltr'><strong>populi</strong></span> <span class='ocrx_word' id='word_1_9' title='bbox 695 622 737 687; x_wconf 90' lang='lat' dir='ltr'><strong>de</strong></span> <span class='ocrx_word' id='word_1_10' title='bbox 760 625 893 687; x_wconf 89' lang='lat' dir='ltr'><strong>uentre</strong></span> <span class='ocrx_word' id='word_1_11' title='bbox 915 626 977 687; x_wconf 90' lang='lat' dir='ltr'><strong>tuo</strong></span> <span class='ocrx_word' id='word_1_12' title='bbox 1001 621 1224 688; x_wconf 89' lang='lat' dir='ltr'><strong>diuidentur.</strong></span> <span class='ocrx_word' id='word_1_13' title='bbox 1263 623 1344 706; x_wconf 88' lang='lat' dir='ltr'><strong>quod</strong></span> <span class='ocrx_word' id='word_1_14' title='bbox 1367 623 1393 688; x_wconf 89' lang='lat' dir='ltr'><strong>si</strong></span> <span class='ocrx_word' id='word_1_15' title='bbox 1408 623 1448 686; x_wconf 89' lang='lat' dir='ltr'><strong>de</strong></span> 
     </span>
     <span class='ocr_line' id='line_1_3' title="bbox 309 725 1449 810; baseline 0.001 -20"><span class='ocrx_word' id='word_1_16' title='bbox 309 725 446 810; x_wconf 86' lang='lat' dir='ltr'><strong>praefixa</strong></span> <span class='ocrx_word' id='word_1_17' title='bbox 460 727 530 810; x_wconf 82' lang='lat' dir='ltr'><strong>lege</strong></span> <span class='ocrx_word' id='word_1_18' title='bbox 550 726 676 810; x_wconf 83' lang='lat' dir='ltr'><strong>originis</strong></span> <span class='ocrx_word' id='word_1_19' title='bbox 699 731 896 808; x_wconf 75' lang='lat' dir='ltr'><strong>tractaretur,</strong></span> <span class='ocrx_word' id='word_1_20' title='bbox 919 727 994 808; x_wconf 91' lang='lat' dir='ltr'><strong>quid</strong></span> <span class='ocrx_word' id='word_1_21' title='bbox 1017 745 1094 810; x_wconf 88' lang='lat' dir='ltr'><strong>opus</strong></span> <span class='ocrx_word' id='word_1_22' title='bbox 1118 731 1194 809; x_wconf 90' lang='lat' dir='ltr'><strong>crat,</strong></span> <span class='ocrx_word' id='word_1_23' title='bbox 1218 733 1254 792; x_wconf 87' lang='lat' dir='ltr'><strong>ut</strong></span> <span class='ocrx_word' id='word_1_24' title='bbox 1272 727 1395 792; x_wconf 85' lang='lat' dir='ltr'><strong>maioris</strong></span> <span class='ocrx_word' id='word_1_25' title='bbox 1416 731 1449 792; x_wconf 91' lang='lat' dir='ltr'><strong>at</strong></span> 
     </span>
     <span class='ocr_line' id='line_1_4' title="bbox 309 831 1448 915; baseline 0 -20"><span class='ocrx_word' id='word_1_26' title='bbox 309 831 438 896; x_wconf 90' lang='lat' dir='ltr'><strong>minoris</strong></span> <span class='ocrx_word' id='word_1_27' title='bbox 461 835 607 912; x_wconf 87' lang='lat' dir='ltr'><strong>aetatem,</strong></span> <span class='ocrx_word' id='word_1_28' title='bbox 637 831 720 914; x_wconf 92' lang='lat' dir='ltr'><strong>quod</strong></span> <span class='ocrx_word' id='word_1_29' title='bbox 743 832 782 896; x_wconf 91' lang='lat' dir='ltr'><strong>ad</strong></span> <span class='ocrx_word' id='word_1_30' title='bbox 804 851 872 896; x_wconf 90' lang='lat' dir='ltr'><strong>rem</strong></span> <span class='ocrx_word' id='word_1_31' title='bbox 895 849 957 896; x_wconf 94' lang='lat' dir='ltr'><strong>non</strong></span> <span class='ocrx_word' id='word_1_32' title='bbox 979 831 1166 915; x_wconf 80' lang='lat' dir='ltr'><strong>pertinebat,</strong></span> <span class='ocrx_word' id='word_1_33' title='bbox 1196 833 1356 914; x_wconf 88' lang='lat' dir='ltr'><strong>insereret,</strong></span> <span class='ocrx_word' id='word_1_34' title='bbox 1386 831 1448 896; x_wconf 91' lang='lat' dir='ltr'><strong>nisi</strong></span> 
     </span>
     <span class='ocr_line' id='line_1_5' title="bbox 310 935 1447 1021; baseline 0.001 -22"><span class='ocrx_word' id='word_1_35' title='bbox 310 935 381 1017; x_wconf 90' lang='lat' dir='ltr'><strong>quia</strong></span> <span class='ocrx_word' id='word_1_36' title='bbox 403 935 485 1018; x_wconf 91' lang='lat' dir='ltr'><strong>apud</strong></span> <span class='ocrx_word' id='word_1_37' title='bbox 508 935 696 1001; x_wconf 90' lang='lat' dir='ltr'><strong>Iudaeorum</strong></span> <span class='ocrx_word' id='word_1_38' title='bbox 718 936 895 1019; x_wconf 79' lang='lat' dir='ltr'><strong>prosapiam</strong></span> <span class='ocrx_word' id='word_1_39' title='bbox 920 954 1044 1021; x_wconf 89' lang='lat' dir='ltr'><strong>semper</strong></span> <span class='ocrx_word' id='word_1_40' title='bbox 1066 939 1099 1002; x_wconf 94' lang='lat' dir='ltr'><strong>in</strong></span> <span class='ocrx_word' id='word_1_41' title='bbox 1122 936 1254 1001; x_wconf 90' lang='lat' dir='ltr'><strong>duorum</strong></span> <span class='ocrx_word' id='word_1_42' title='bbox 1284 936 1447 1002; x_wconf 88' lang='lat' dir='ltr'><strong>uocationo</strong></span> 
     </span>
     <span class='ocr_line' id='line_1_6' title="bbox 270 1040 1447 1126; baseline -0.001 -19"><span class='ocrx_word' id='word_1_43' title='bbox 270 1067 283 1107; x_wconf 83' lang='lat'>⁵</span> <span class='ocrx_word' id='word_1_44' title='bbox 309 1040 494 1122; x_wconf 91' lang='lat' dir='ltr'><strong>populorum</strong></span> <span class='ocrx_word' id='word_1_45' title='bbox 524 1040 639 1105; x_wconf 88' lang='lat' dir='ltr'><strong>seniori</strong></span> <span class='ocrx_word' id='word_1_46' title='bbox 667 1041 769 1106; x_wconf 92' lang='lat' dir='ltr'><strong>iunior</strong></span> <span class='ocrx_word' id='word_1_47' title='bbox 799 1041 982 1106; x_wconf 80' lang='lat' dir='ltr'><strong>antefertur.</strong></span> <span class='ocrx_word' id='word_1_48' title='bbox 1021 1041 1053 1106; x_wconf 92' lang='lat' dir='ltr'><strong>in</strong></span> <span class='ocrx_word' id='word_1_49' title='bbox 1083 1056 1145 1123; x_wconf 90' lang='lat' dir='ltr'><strong>qua</strong></span> <span class='ocrx_word' id='word_1_50' title='bbox 1175 1045 1281 1106; x_wconf 87' lang='lat' dir='ltr'><strong>tamen</strong></span> <span class='ocrx_word' id='word_1_51' title='bbox 1311 1041 1447 1126; x_wconf 87' lang='lat' dir='ltr'><strong>partium</strong></span> 
     </span>
     <span class='ocr_line' id='line_1_7' title="bbox 309 1144 1447 1229; baseline 0.001 -21"><span class='ocrx_word' id='word_1_52' title='bbox 309 1145 489 1209; x_wconf 89' lang='lat' dir='ltr'><strong>diuersitate</strong></span> <span class='ocrx_word' id='word_1_53' title='bbox 512 1145 605 1210; x_wconf 90' lang='lat' dir='ltr'><strong>multi</strong></span> <span class='ocrx_word' id='word_1_54' title='bbox 628 1149 659 1209; x_wconf 90' lang='lat' dir='ltr'><strong>et</strong></span> <span class='ocrx_word' id='word_1_55' title='bbox 681 1145 718 1209; x_wconf 92' lang='lat' dir='ltr'><strong>de</strong></span> <span class='ocrx_word' id='word_1_56' title='bbox 737 1145 861 1210; x_wconf 88' lang='lat' dir='ltr'><strong>Iudaeis</strong></span> <span class='ocrx_word' id='word_1_57' title='bbox 884 1144 1023 1228; x_wconf 84' lang='lat' dir='ltr'><strong>reprobis</strong></span> <span class='ocrx_word' id='word_1_58' title='bbox 1047 1145 1204 1229; x_wconf 82' lang='lat' dir='ltr'><strong>eliguntur</strong></span> <span class='ocrx_word' id='word_1_59' title='bbox 1227 1146 1318 1210; x_wconf 91' lang='lat' dir='ltr'><strong>etde</strong></span> <span class='ocrx_word' id='word_1_60' title='bbox 1341 1145 1447 1210; x_wconf 90' lang='lat' dir='ltr'><strong>electis</strong></span> 
     </span>
     <span class='ocr_line' id='line_1_8' title="bbox 308 1247 1446 1334; baseline 0.001 -22"><span class='ocrx_word' id='word_1_61' title='bbox 308 1247 455 1333; x_wconf 81' lang='lat' dir='ltr'><strong>gentibus</strong></span> <span class='ocrx_word' id='word_1_62' title='bbox 482 1248 697 1332; x_wconf 88' lang='lat' dir='ltr'><strong>reprobantur,</strong></span> <span class='ocrx_word' id='word_1_63' title='bbox 728 1252 764 1313; x_wconf 94' lang='lat' dir='ltr'><strong>ut</strong></span> <span class='ocrx_word' id='word_1_64' title='bbox 789 1249 955 1334; x_wconf 83' lang='lat' dir='ltr'><strong>intellegas</strong></span> <span class='ocrx_word' id='word_1_65' title='bbox 982 1250 1013 1314; x_wconf 96' lang='lat' dir='ltr'><strong>in</strong></span> <span class='ocrx_word' id='word_1_66' title='bbox 1041 1253 1171 1332; x_wconf 90' lang='lat' dir='ltr'><strong>utroque</strong></span> <span class='ocrx_word' id='word_1_67' title='bbox 1194 1251 1307 1334; x_wconf 92' lang='lat' dir='ltr'><strong>populo</strong></span> <span class='ocrx_word' id='word_1_68' title='bbox 1329 1249 1446 1314; x_wconf 88' lang='lat' dir='ltr'><strong>iustum</strong></span> 
     </span>
     <span class='ocr_line' id='line_1_9' title="bbox 308 1353 1135 1435; baseline 0.001 -18"><span class='ocrx_word' id='word_1_69' title='bbox 308 1353 444 1418; x_wconf 89' lang='lat' dir='ltr'><strong>iudicem</strong></span> <span class='ocrx_word' id='word_1_70' title='bbox 467 1371 529 1418; x_wconf 94' lang='lat' dir='ltr'><strong>non</strong></span> <span class='ocrx_word' id='word_1_71' title='bbox 553 1353 713 1418; x_wconf 87' lang='lat' dir='ltr'><strong>decretum</strong></span> <span class='ocrx_word' id='word_1_72' title='bbox 735 1353 912 1435; x_wconf 89' lang='lat' dir='ltr'><strong>obseruare,</strong></span> <span class='ocrx_word' id='word_1_73' title='bbox 936 1353 991 1418; x_wconf 93' lang='lat' dir='ltr'><strong>sed</strong></span> <span class='ocrx_word' id='word_1_74' title='bbox 1014 1354 1135 1419; x_wconf 87' lang='lat' dir='ltr'><strong>merita.</strong></span> 
     </span>
     <span class='ocr_line' id='line_1_10' title="bbox 352 1455 1448 1542; baseline 0 -20"><span class='ocrx_word' id='word_1_75' title='bbox 352 1455 412 1522; x_wconf 87' lang='lat' dir='ltr'><strong>Sed</strong></span> <span class='ocrx_word' id='word_1_76' title='bbox 434 1457 524 1523; x_wconf 92' lang='lat' dir='ltr'><strong>dicis:</strong></span> <span class='ocrx_word' id='word_1_77' title='bbox 556 1476 636 1522; x_wconf 90' lang='lat' dir='ltr'><strong>cum</strong></span> <span class='ocrx_word' id='word_1_78' title='bbox 663 1459 782 1522; x_wconf 89' lang='lat' dir='ltr'><strong>adhuc</strong></span> <span class='ocrx_word' id='word_1_79' title='bbox 809 1477 881 1523; x_wconf 94' lang='lat' dir='ltr'><strong>non</strong></span> <span class='ocrx_word' id='word_1_80' title='bbox 908 1459 1077 1542; x_wconf 84' lang='lat' dir='ltr'><strong>egissent</strong></span> <span class='ocrx_word' id='word_1_81' title='bbox 1104 1457 1245 1540; x_wconf 88' lang='lat' dir='ltr'><strong>aliquid</strong></span> <span class='ocrx_word' id='word_1_82' title='bbox 1272 1458 1358 1523; x_wconf 93' lang='lat' dir='ltr'><strong>boni</strong></span> <span class='ocrx_word' id='word_1_83' title='bbox 1384 1462 1448 1523; x_wconf 89' lang='lat' dir='ltr'><strong>aut</strong></span> 
     </span>
     <span class='ocr_line' id='line_1_11' title="bbox 260 1561 1447 1646; baseline -0.003 -18"><span class='ocrx_word' id='word_1_84' title='bbox 260 1589 284 1628; x_wconf 86' lang='lat' dir='ltr'><strong>ro</strong></span> <span class='ocrx_word' id='word_1_85' title='bbox 309 1563 412 1643; x_wconf 89' lang='lat' dir='ltr'><strong>mali,</strong></span> <span class='ocrx_word' id='word_1_86' title='bbox 446 1563 510 1626; x_wconf 86' lang='lat' dir='ltr'><strong>ianr</strong></span> <span class='ocrx_word' id='word_1_87' title='bbox 540 1561 712 1646; x_wconf 88' lang='lat' dir='ltr'><strong>praefinitis</strong></span> <span class='ocrx_word' id='word_1_88' title='bbox 742 1561 884 1646; x_wconf 90' lang='lat' dir='ltr'><strong>partibus</strong></span> <span class='ocrx_word' id='word_1_89' title='bbox 919 1563 1117 1645; x_wconf 90' lang='lat' dir='ltr'><strong>deputantur.</strong></span> <span class='ocrx_word' id='word_1_90' title='bbox 1155 1563 1229 1644; x_wconf 90' lang='lat' dir='ltr'><strong>quid</strong></span> <span class='ocrx_word' id='word_1_91' title='bbox 1263 1563 1375 1628; x_wconf 88' lang='lat' dir='ltr'><strong>mirum</strong></span> <span class='ocrx_word' id='word_1_92' title='bbox 1410 1563 1447 1642; x_wconf 89' lang='lat' dir='ltr'><strong>si,</strong></span> 
     </span>
     <span class='ocr_line' id='line_1_12' title="bbox 309 1667 1446 1752; baseline 0 -22"><span class='ocrx_word' id='word_1_93' title='bbox 309 1685 441 1748; x_wconf 90' lang='lat' dir='ltr'><strong>quorum</strong></span> <span class='ocrx_word' id='word_1_94' title='bbox 472 1669 560 1732; x_wconf 89' lang='lat' dir='ltr'><strong>actus</strong></span> <span class='ocrx_word' id='word_1_95' title='bbox 590 1667 754 1749; x_wconf 88' lang='lat' dir='ltr'><strong>praeuidit,</strong></span> <span class='ocrx_word' id='word_1_96' title='bbox 785 1685 892 1731; x_wconf 90' lang='lat' dir='ltr'><strong>eorum</strong></span> <span class='ocrx_word' id='word_1_97' title='bbox 923 1668 1020 1732; x_wconf 84' lang='lat' dir='ltr'><strong>oritus</strong></span> <span class='ocrx_word' id='word_1_98' title='bbox 1048 1667 1272 1752; x_wconf 65' lang='lat' dir='ltr'><strong>praesignant,</strong></span> <span class='ocrx_word' id='word_1_99' title='bbox 1303 1686 1319 1730; x_wconf 90' lang='lat' dir='ltr'><strong>e</strong></span> <span class='ocrx_word' id='word_1_100' title='bbox 1368 1667 1446 1746; x_wconf 92' lang='lat' dir='ltr'><strong>ideo,</strong></span> 
     </span>
     <span class='ocr_line' id='line_1_13' title="bbox 309 1771 1447 1856; baseline -0.002 -20"><span class='ocrx_word' id='word_1_101' title='bbox 309 1771 391 1836; x_wconf 87' lang='lat' dir='ltr'><strong>sicut</strong></span> <span class='ocrx_word' id='word_1_102' title='bbox 413 1790 464 1836; x_wconf 88' lang='lat' dir='ltr'><strong>cos</strong></span> <span class='ocrx_word' id='word_1_103' title='bbox 488 1790 615 1836; x_wconf 88' lang='lat' dir='ltr'><strong>cursum</strong></span> <span class='ocrx_word' id='word_1_104' title='bbox 637 1772 764 1836; x_wconf 89' lang='lat' dir='ltr'><strong>uiuendi</strong></span> <span class='ocrx_word' id='word_1_105' title='bbox 786 1789 842 1854; x_wconf 92' lang='lat' dir='ltr'><strong>pro</strong></span> <span class='ocrx_word' id='word_1_106' title='bbox 866 1771 992 1837; x_wconf 86' lang='lat' dir='ltr'><strong>arbitrio</strong></span> <span class='ocrx_word' id='word_1_107' title='bbox 1015 1772 1139 1856; x_wconf 94' lang='lat' dir='ltr'><strong>proprio</strong></span> <span class='ocrx_word' id='word_1_108' title='bbox 1159 1772 1362 1854; x_wconf 89' lang='lat' dir='ltr'><strong>disposituros</strong></span> <span class='ocrx_word' id='word_1_109' title='bbox 1379 1789 1447 1835; x_wconf 88' lang='lat' dir='ltr'><strong>essa</strong></span> 
     </span>
     <span class='ocr_line' id='line_1_14' title="bbox 308 1875 1447 1960; baseline -0.001 -20"><span class='ocrx_word' id='word_1_110' title='bbox 308 1875 482 1956; x_wconf 78' lang='lat' dir='ltr'><strong>constabat,</strong></span> <span class='ocrx_word' id='word_1_111' title='bbox 505 1877 549 1941; x_wconf 87' lang='lat' dir='ltr'><strong>ita</strong></span> <span class='ocrx_word' id='word_1_112' title='bbox 564 1893 619 1960; x_wconf 92' lang='lat' dir='ltr'><strong>pro</strong></span> <span class='ocrx_word' id='word_1_113' title='bbox 642 1876 692 1940; x_wconf 91' lang='lat' dir='ltr'><strong>dei</strong></span> <span class='ocrx_word' id='word_1_114' title='bbox 711 1877 851 1960; x_wconf 88' lang='lat' dir='ltr'><strong>potentia</strong></span> <span class='ocrx_word' id='word_1_115' title='bbox 870 1880 1127 1960; x_wconf 89' lang='lat' dir='ltr'><strong>praenoscuntur,</strong></span> <span class='ocrx_word' id='word_1_116' title='bbox 1149 1893 1204 1958; x_wconf 88' lang='lat' dir='ltr'><strong>pro</strong></span> <span class='ocrx_word' id='word_1_117' title='bbox 1224 1875 1344 1940; x_wconf 88' lang='lat' dir='ltr'><strong>iustitia</strong></span> <span class='ocrx_word' id='word_1_118' title='bbox 1358 1893 1447 1958; x_wconf 88' lang='lat' dir='ltr'><strong>prae-</strong></span> 
     </span>
     <span class='ocr_line' id='line_1_15' title="bbox 309 1979 1447 2064; baseline 0 -20"><span class='ocrx_word' id='word_1_119' title='bbox 309 1979 511 2045; x_wconf 82' lang='lat' dir='ltr'><strong>ordinantur?</strong></span> <span class='ocrx_word' id='word_1_120' title='bbox 539 1981 598 2045; x_wconf 91' lang='lat' dir='ltr'><strong>hoc</strong></span> <span class='ocrx_word' id='word_1_121' title='bbox 621 1984 724 2046; x_wconf 90' lang='lat' dir='ltr'><strong>totum</strong></span> <span class='ocrx_word' id='word_1_122' title='bbox 746 1981 784 2044; x_wconf 90' lang='lat' dir='ltr'><strong>de</strong></span> <span class='ocrx_word' id='word_1_123' title='bbox 807 1981 851 2045; x_wconf 87' lang='lat' dir='ltr'><strong>eis</strong></span> <span class='ocrx_word' id='word_1_124' title='bbox 874 1980 1070 2064; x_wconf 84' lang='lat' dir='ltr'><strong>praedicitur,</strong></span> <span class='ocrx_word' id='word_1_125' title='bbox 1098 1999 1160 2045; x_wconf 94' lang='lat' dir='ltr'><strong>non</strong></span> <span class='ocrx_word' id='word_1_126' title='bbox 1186 1979 1377 2062; x_wconf 90' lang='lat' dir='ltr'><strong>praefinitur.</strong></span> <span class='ocrx_word' id='word_1_127' title='bbox 1415 1980 1447 2044; x_wconf 93' lang='lat' dir='ltr'><strong>in</strong></span> 
     </span>
     <span class='ocr_line' id='line_1_16' title="bbox 258 2077 1449 2169; baseline -0.003 -19"><span class='ocrx_word' id='word_1_128' title='bbox 258 2111 282 2150; x_wconf 76' lang='grc' dir='ltr'><strong>ιι</strong></span> <span class='ocrx_word' id='word_1_129' title='bbox 308 2083 401 2149; x_wconf 91' lang='lat' dir='ltr'><strong>Iacob</strong></span> <span class='ocrx_word' id='word_1_130' title='bbox 424 2103 496 2169; x_wconf 84' lang='lat' dir='ltr'><strong>ergo</strong></span> <span class='ocrx_word' id='word_1_131' title='bbox 517 2084 616 2150; x_wconf 87' lang='lat' dir='ltr'><strong>fidelis</strong></span> <span class='ocrx_word' id='word_1_132' title='bbox 639 2077 779 2169; x_wconf 81' lang='lat' dir='ltr'><strong>populus</strong></span> <span class='ocrx_word' id='word_1_133' title='bbox 796 2084 989 2166; x_wconf 86' lang='lat' dir='ltr'><strong>describitur,</strong></span> <span class='ocrx_word' id='word_1_134' title='bbox 1013 2085 1045 2149; x_wconf 94' lang='lat' dir='ltr'><strong>in</strong></span> <span class='ocrx_word' id='word_1_135' title='bbox 1065 2085 1149 2150; x_wconf 80' lang='lat' dir='ltr'><strong>Esau</strong></span> <span class='ocrx_word' id='word_1_136' title='bbox 1168 2084 1348 2149; x_wconf 90' lang='lat' dir='ltr'><strong>incredulus</strong></span> <span class='ocrx_word' id='word_1_137' title='bbox 1368 2083 1449 2147; x_wconf 90' lang='lat' dir='ltr'><strong>desi-</strong></span> 
     </span>
     <span class='ocr_line' id='line_1_17' title="bbox 308 2188 1447 2272; baseline -0.001 -20"><span class='ocrx_word' id='word_1_138' title='bbox 308 2192 433 2272; x_wconf 87' lang='lat' dir='ltr'><strong>gnatur,</strong></span> <span class='ocrx_word' id='word_1_139' title='bbox 463 2189 501 2252; x_wconf 93' lang='lat' dir='ltr'><strong>de</strong></span> <span class='ocrx_word' id='word_1_140' title='bbox 531 2189 644 2272; x_wconf 91' lang='lat' dir='ltr'><strong>quibus</strong></span> <span class='ocrx_word' id='word_1_141' title='bbox 672 2189 813 2272; x_wconf 84' lang='lat' dir='ltr'><strong>utrisque</strong></span> <span class='ocrx_word' id='word_1_142' title='bbox 843 2190 886 2254; x_wconf 89' lang='lat' dir='ltr'><strong>ita</strong></span> <span class='ocrx_word' id='word_1_143' title='bbox 916 2189 1002 2254; x_wconf 91' lang='lat' dir='ltr'><strong>dicit:</strong></span> <span class='ocrx_word' id='word_1_144' title='bbox 1033 2189 1121 2271; x_wconf 91' lang='lat' dir='ltr'><strong>quid</strong></span> <span class='ocrx_word' id='word_1_145' title='bbox 1151 2207 1237 2272; x_wconf 88' lang='lat' dir='ltr'><strong>orgo</strong></span> <span class='ocrx_word' id='word_1_146' title='bbox 1267 2188 1447 2268; x_wconf 89' lang='lat' dir='ltr'><strong>dicemus,</strong></span> 
     </span>
     <span class='ocr_line' id='line_1_18' title="bbox 309 2292 1448 2378; baseline -0.003 -21"><span class='ocrx_word' id='word_1_147' title='bbox 309 2293 404 2375; x_wconf 87' lang='lat' dir='ltr'><strong>quod</strong></span> <span class='ocrx_word' id='word_1_148' title='bbox 425 2297 575 2378; x_wconf 83' lang='lat' dir='ltr'><strong>gentes,</strong></span> <span class='ocrx_word' id='word_1_149' title='bbox 605 2313 698 2376; x_wconf 88' lang='lat' dir='ltr'><strong>quae</strong></span> <span class='ocrx_word' id='word_1_150' title='bbox 721 2312 793 2359; x_wconf 93' lang='lat' dir='ltr'><strong>non</strong></span> <span class='ocrx_word' id='word_1_151' title='bbox 816 2293 1062 2358; x_wconf 88' lang='lat' dir='ltr'><strong>sectabantur</strong></span> <span class='ocrx_word' id='word_1_152' title='bbox 1089 2292 1291 2373; x_wconf 85' lang='lat' dir='ltr'><strong>iustitiam,</strong></span> <span class='ocrx_word' id='word_1_153' title='bbox 1322 2292 1448 2374; x_wconf 91' lang='lat' dir='ltr'><strong>adpre-</strong></span> 
     </span>
     <span class='ocr_line' id='line_1_19' title="bbox 308 2395 1447 2480; baseline -0.002 -19"><span class='ocrx_word' id='word_1_154' title='bbox 308 2397 520 2469; x_wconf 86' lang='lat' dir='ltr'><strong>henderunt</strong></span> <span class='ocrx_word' id='word_1_155' title='bbox 534 2398 734 2480; x_wconf 88' lang='lat' dir='ltr'><strong>iustitiam,</strong></span> <span class='ocrx_word' id='word_1_156' title='bbox 755 2398 942 2463; x_wconf 89' lang='lat' dir='ltr'><strong>iustitiam</strong></span> <span class='ocrx_word' id='word_1_157' title='bbox 958 2401 1096 2478; x_wconf 90' lang='lat' dir='ltr'><strong>autem,</strong></span> <span class='ocrx_word' id='word_1_158' title='bbox 1119 2415 1211 2479; x_wconf 89' lang='lat' dir='ltr'><strong>quae</strong></span> <span class='ocrx_word' id='word_1_159' title='bbox 1228 2416 1268 2460; x_wconf 86' lang='lat' dir='ltr'><strong>er</strong></span> <span class='ocrx_word' id='word_1_160' title='bbox 1284 2395 1361 2460; x_wconf 89' lang='lat' dir='ltr'><strong>fide</strong></span> <span class='ocrx_word' id='word_1_161' title='bbox 1377 2399 1447 2476; x_wconf 87' lang='lat' dir='ltr'><strong>est,</strong></span> 
     </span>
     <span class='ocr_line' id='line_1_20' title="bbox 308 2500 1448 2587; baseline -0.003 -21"><span class='ocrx_word' id='word_1_162' title='bbox 308 2502 428 2566; x_wconf 89' lang='lat' dir='ltr'><strong>Israel</strong></span> <span class='ocrx_word' id='word_1_163' title='bbox 452 2520 539 2567; x_wconf 91' lang='lat' dir='ltr'><strong>uero</strong></span> <span class='ocrx_word' id='word_1_164' title='bbox 562 2507 712 2566; x_wconf 89' lang='lat' dir='ltr'><strong>sectans</strong></span> <span class='ocrx_word' id='word_1_165' title='bbox 734 2503 855 2587; x_wconf 86' lang='lat' dir='ltr'><strong>legem</strong></span> <span class='ocrx_word' id='word_1_166' title='bbox 879 2503 1048 2567; x_wconf 87' lang='lat' dir='ltr'><strong>iustitiae</strong></span> <span class='ocrx_word' id='word_1_167' title='bbox 1070 2503 1106 2566; x_wconf 96' lang='lat' dir='ltr'><strong>in</strong></span> <span class='ocrx_word' id='word_1_168' title='bbox 1132 2501 1252 2585; x_wconf 84' lang='lat' dir='ltr'><strong>legem</strong></span> <span class='ocrx_word' id='word_1_169' title='bbox 1279 2500 1448 2565; x_wconf 90' lang='lat' dir='ltr'><strong>institiae</strong></span> 
     </span>
     <span class='ocr_line' id='line_1_21' title="bbox 256 2604 1448 2690; baseline -0.003 -19"><span class='ocrx_word' id='word_1_170' title='bbox 256 2633 282 2672; x_wconf 70' lang='grc' dir='ltr'><strong>ιο</strong></span> <span class='ocrx_word' id='word_1_171' title='bbox 308 2626 379 2671; x_wconf 94' lang='lat' dir='ltr'><strong>non</strong></span> <span class='ocrx_word' id='word_1_172' title='bbox 408 2606 592 2688; x_wconf 81' lang='lat' dir='ltr'><strong>peruenit.</strong></span> <span class='ocrx_word' id='word_1_173' title='bbox 631 2610 767 2690; x_wconf 84' lang='lat' dir='ltr'><strong>quare?</strong></span> <span class='ocrx_word' id='word_1_174' title='bbox 798 2607 882 2690; x_wconf 89' lang='lat' dir='ltr'><strong>quia</strong></span> <span class='ocrx_word' id='word_1_175' title='bbox 912 2625 982 2673; x_wconf 96' lang='lat' dir='ltr'><strong>non</strong></span> <span class='ocrx_word' id='word_1_176' title='bbox 1006 2625 1046 2670; x_wconf 84' lang='lat' dir='ltr'><strong>ex</strong></span> <span class='ocrx_word' id='word_1_177' title='bbox 1068 2606 1158 2685; x_wconf 86' lang='lat' dir='ltr'><strong>lide,</strong></span> <span class='ocrx_word' id='word_1_178' title='bbox 1189 2605 1252 2670; x_wconf 92' lang='lat' dir='ltr'><strong>sed</strong></span> <span class='ocrx_word' id='word_1_179' title='bbox 1279 2604 1384 2687; x_wconf 89' lang='lat' dir='ltr'><strong>quasi</strong></span> <span class='ocrx_word' id='word_1_180' title='bbox 1407 2623 1448 2668; x_wconf 84' lang='lat' dir='ltr'><strong>en</strong></span> 
     </span>
     <span class='ocr_line' id='line_1_22' title="bbox 309 2705 1446 2795; baseline -0.003 -21"><span class='ocrx_word' id='word_1_181' title='bbox 309 2711 494 2794; x_wconf 88' lang='lat' dir='ltr'><strong>operibus.</strong></span> <span class='ocrx_word' id='word_1_182' title='bbox 540 2712 782 2776; x_wconf 82' lang='lat' dir='ltr'><strong>offenderunt</strong></span> <span class='ocrx_word' id='word_1_183' title='bbox 819 2711 915 2775; x_wconf 89' lang='lat' dir='ltr'><strong>eninr</strong></span> <span class='ocrx_word' id='word_1_184' title='bbox 949 2711 986 2775; x_wconf 93' lang='lat' dir='ltr'><strong>in</strong></span> <span class='ocrx_word' id='word_1_185' title='bbox 1019 2711 1179 2795; x_wconf 88' lang='lat' dir='ltr'><strong>lapidern</strong></span> <span class='ocrx_word' id='word_1_186' title='bbox 1214 2705 1446 2774; x_wconf 78' lang='lat' dir='ltr'><strong>ostensionis.</strong></span> 
     </span>
     <span class='ocr_line' id='line_1_23' title="bbox 309 2812 1449 2898; baseline -0.003 -19"><span class='ocrx_word' id='word_1_187' title='bbox 309 2815 384 2879; x_wconf 90' lang='lat' dir='ltr'><strong>dum</strong></span> <span class='ocrx_word' id='word_1_188' title='bbox 400 2815 524 2880; x_wconf 89' lang='lat' dir='ltr'><strong>dicitur:</strong></span> <span class='ocrx_word' id='word_1_189' title='bbox 548 2834 618 2880; x_wconf 93' lang='lat' dir='ltr'><strong>non</strong></span> <span class='ocrx_word' id='word_1_190' title='bbox 639 2835 680 2880; x_wconf 86' lang='lat' dir='ltr'><strong>er</strong></span> <span class='ocrx_word' id='word_1_191' title='bbox 700 2814 889 2898; x_wconf 90' lang='lat' dir='ltr'><strong>operibus,</strong></span> <span class='ocrx_word' id='word_1_192' title='bbox 913 2815 1012 2896; x_wconf 90' lang='lat' dir='ltr'><strong>uides,</strong></span> <span class='ocrx_word' id='word_1_193' title='bbox 1036 2815 1109 2897; x_wconf 91' lang='lat' dir='ltr'><strong>quia</strong></span> <span class='ocrx_word' id='word_1_194' title='bbox 1123 2815 1201 2898; x_wconf 83' lang='lat' dir='ltr'><strong>legis</strong></span> <span class='ocrx_word' id='word_1_195' title='bbox 1217 2831 1311 2898; x_wconf 87' lang='lat' dir='ltr'><strong>opera</strong></span> <span class='ocrx_word' id='word_1_196' title='bbox 1326 2812 1449 2876; x_wconf 86' lang='lat' dir='ltr'><strong>destru-</strong></span> 
     </span>
     <span class='ocr_line' id='line_1_24' title="bbox 308 2917 1449 3004; baseline -0.003 -21"><span class='ocrx_word' id='word_1_197' title='bbox 308 2923 404 2983; x_wconf 88' lang='lat' dir='ltr'><strong>untur</strong></span> <span class='ocrx_word' id='word_1_198' title='bbox 434 2923 466 2984; x_wconf 90' lang='lat' dir='ltr'><strong>et</strong></span> <span class='ocrx_word' id='word_1_199' title='bbox 495 2920 577 3002; x_wconf 91' lang='lat' dir='ltr'><strong>qnod</strong></span> <span class='ocrx_word' id='word_1_200' title='bbox 606 2919 753 3004; x_wconf 85' lang='lat' dir='ltr'><strong>gentihus</strong></span> <span class='ocrx_word' id='word_1_201' title='bbox 785 2919 979 2985; x_wconf 87' lang='lat' dir='ltr'><strong>oboedientia</strong></span> <span class='ocrx_word' id='word_1_202' title='bbox 1009 2919 1092 2983; x_wconf 92' lang='lat' dir='ltr'><strong>uiam</strong></span> <span class='ocrx_word' id='word_1_203' title='bbox 1120 2919 1241 3000; x_wconf 90' lang='lat' dir='ltr'><strong>aperuit</strong></span> <span class='ocrx_word' id='word_1_204' title='bbox 1264 2917 1302 2982; x_wconf 90' lang='lat' dir='ltr'><strong>ad</strong></span> <span class='ocrx_word' id='word_1_205' title='bbox 1325 2917 1449 2981; x_wconf 90' lang='lat' dir='ltr'><strong>miseri-</strong></span> 
     </span>
     <span class='ocr_line' id='line_1_25' title="bbox 308 3023 1449 3107; baseline 0 -21"><span class='ocrx_word' id='word_1_206' title='bbox 308 3023 455 3104; x_wconf 89' lang='lat' dir='ltr'><strong>cordiam,</strong></span> <span class='ocrx_word' id='word_1_207' title='bbox 479 3024 601 3088; x_wconf 90' lang='lat' dir='ltr'><strong>Indaeis</strong></span> <span class='ocrx_word' id='word_1_208' title='bbox 625 3043 698 3089; x_wconf 91' lang='lat' dir='ltr'><strong>uero</strong></span> <span class='ocrx_word' id='word_1_209' title='bbox 721 3024 910 3107; x_wconf 89' lang='lat' dir='ltr'><strong>praecedens</strong></span> <span class='ocrx_word' id='word_1_210' title='bbox 930 3023 1080 3106; x_wconf 88' lang='lat' dir='ltr'><strong>iniquitas</strong></span> <span class='ocrx_word' id='word_1_211' title='bbox 1097 3026 1128 3087; x_wconf 87' lang='lat' dir='ltr'><strong>et</strong></span> <span class='ocrx_word' id='word_1_212' title='bbox 1143 3023 1342 3088; x_wconf 87' lang='lat' dir='ltr'><strong>incredulitas</strong></span> <span class='ocrx_word' id='word_1_213' title='bbox 1357 3040 1449 3104; x_wconf 90' lang='lat' dir='ltr'><strong>prae-</strong></span> 
     </span>
     <span class='ocr_line' id='line_1_26' title="bbox 257 3127 1449 3211; baseline -0.003 -18"><span class='ocrx_word' id='word_1_214' title='bbox 257 3153 282 3193; x_wconf 72' lang='lat' dir='ltr'><strong>sa</strong></span> <span class='ocrx_word' id='word_1_215' title='bbox 309 3128 432 3211; x_wconf 89' lang='lat' dir='ltr'><strong>parauit</strong></span> <span class='ocrx_word' id='word_1_216' title='bbox 450 3127 611 3192; x_wconf 85' lang='lat' dir='ltr'><strong>offensam.</strong></span> <span class='ocrx_word' id='word_1_217' title='bbox 651 3147 722 3193; x_wconf 93' lang='lat' dir='ltr'><strong>non</strong></span> <span class='ocrx_word' id='word_1_218' title='bbox 743 3147 783 3193; x_wconf 86' lang='lat' dir='ltr'><strong>ex</strong></span> <span class='ocrx_word' id='word_1_219' title='bbox 803 3127 993 3211; x_wconf 91' lang='lat' dir='ltr'><strong>operibus,</strong></span> <span class='ocrx_word' id='word_1_220' title='bbox 1013 3127 1122 3210; x_wconf 90' lang='lat' dir='ltr'><strong>inquit,</strong></span> <span class='ocrx_word' id='word_1_221' title='bbox 1146 3127 1209 3191; x_wconf 87' lang='lat' dir='ltr'><strong>sed</strong></span> <span class='ocrx_word' id='word_1_222' title='bbox 1230 3145 1270 3190; x_wconf 85' lang='lat' dir='ltr'><strong>ex</strong></span> <span class='ocrx_word' id='word_1_223' title='bbox 1289 3129 1449 3190; x_wconf 85' lang='lat' dir='ltr'><strong>nocente</strong></span> 
     </span>
     <span class='ocr_line' id='line_1_27' title="bbox 308 3230 1450 3315; baseline -0.001 -20"><span class='ocrx_word' id='word_1_224' title='bbox 308 3231 449 3295; x_wconf 89' lang='lat' dir='ltr'><strong>dictum</strong></span> <span class='ocrx_word' id='word_1_225' title='bbox 472 3235 536 3296; x_wconf 88' lang='lat' dir='ltr'><strong>est.</strong></span> <span class='ocrx_word' id='word_1_226' title='bbox 576 3250 638 3296; x_wconf 92' lang='lat' dir='ltr'><strong>non</strong></span> <span class='ocrx_word' id='word_1_227' title='bbox 654 3232 723 3297; x_wconf 90' lang='lat' dir='ltr'><strong>illos</strong></span> <span class='ocrx_word' id='word_1_228' title='bbox 740 3232 814 3297; x_wconf 88' lang='lat' dir='ltr'><strong>dicit</strong></span> <span class='ocrx_word' id='word_1_229' title='bbox 829 3233 961 3314; x_wconf 90' lang='lat' dir='ltr'><strong>propriis</strong></span> <span class='ocrx_word' id='word_1_230' title='bbox 978 3230 1123 3315; x_wconf 89' lang='lat' dir='ltr'><strong>operibus</strong></span> <span class='ocrx_word' id='word_1_231' title='bbox 1139 3249 1265 3311; x_wconf 69' lang='lat' dir='ltr'><strong>uacuos</strong></span> <span class='ocrx_word' id='word_1_232' title='bbox 1282 3230 1337 3295; x_wconf 87' lang='lat' dir='ltr'><strong>sed</strong></span> <span class='ocrx_word' id='word_1_233' title='bbox 1351 3233 1450 3314; x_wconf 83' lang='lat' dir='ltr'><strong>noga-t</strong></span> 
     </span>
     <span class='ocr_line' id='line_1_28' title="bbox 309 3334 1449 3421; baseline -0.002 -21"><span class='ocrx_word' id='word_1_234' title='bbox 309 3355 345 3400; x_wconf 83' lang='lat' dir='ltr'><strong>ex</strong></span> <span class='ocrx_word' id='word_1_235' title='bbox 368 3334 512 3418; x_wconf 89' lang='lat' dir='ltr'><strong>operibus</strong></span> <span class='ocrx_word' id='word_1_236' title='bbox 539 3337 618 3421; x_wconf 85' lang='lat' dir='ltr'><strong>legis</strong></span> <span class='ocrx_word' id='word_1_237' title='bbox 647 3338 744 3401; x_wconf 87' lang='lat' dir='ltr'><strong>fuisse</strong></span> <span class='ocrx_word' id='word_1_238' title='bbox 767 3337 915 3401; x_wconf 75' lang='lat' dir='ltr'><strong>adustos.</strong></span> <span class='ocrx_word' id='word_1_239' title='bbox 955 3335 1046 3416; x_wconf 88' lang='lat' dir='ltr'><strong>absit,</strong></span> <span class='ocrx_word' id='word_1_240' title='bbox 1069 3340 1106 3400; x_wconf 86' lang='lat' dir='ltr'><strong>ut</strong></span> <span class='ocrx_word' id='word_1_241' title='bbox 1127 3335 1257 3419; x_wconf 90' lang='lat' dir='ltr'><strong>proponi</strong></span> <span class='ocrx_word' id='word_1_242' title='bbox 1279 3335 1330 3399; x_wconf 92' lang='lat' dir='ltr'><strong>hic</strong></span> <span class='ocrx_word' id='word_1_243' title='bbox 1360 3334 1449 3398; x_wconf 89' lang='lat' dir='ltr'><strong>darn-</strong></span> 
     </span>
     <span class='ocr_line' id='line_1_29' title="bbox 308 3439 1449 3525; baseline -0.003 -19"><span class='ocrx_word' id='word_1_244' title='bbox 308 3442 392 3506; x_wconf 90' lang='lat' dir='ltr'><strong>natio</strong></span> <span class='ocrx_word' id='word_1_245' title='bbox 423 3441 549 3525; x_wconf 85' lang='lat' dir='ltr'><strong>originis</strong></span> <span class='ocrx_word' id='word_1_246' title='bbox 580 3443 771 3522; x_wconf 86' lang='lat' dir='ltr'><strong>aestimetur,</strong></span> <span class='ocrx_word' id='word_1_247' title='bbox 802 3441 856 3505; x_wconf 92' lang='lat' dir='ltr'><strong>ubi</strong></span> <span class='ocrx_word' id='word_1_248' title='bbox 886 3441 1027 3505; x_wconf 90' lang='lat' dir='ltr'><strong>uocantis</strong></span> <span class='ocrx_word' id='word_1_249' title='bbox 1057 3440 1236 3524; x_wconf 84' lang='lat' dir='ltr'><strong>benignitas</strong></span> <span class='ocrx_word' id='word_1_250' title='bbox 1268 3444 1301 3504; x_wconf 90' lang='lat' dir='ltr'><strong>et</strong></span> <span class='ocrx_word' id='word_1_251' title='bbox 1326 3439 1449 3503; x_wconf 87' lang='lat' dir='ltr'><strong>obtem-</strong></span> 
     </span>
     <span class='ocr_line' id='line_1_30' title="bbox 307 3543 1450 3629; baseline -0.002 -20"><span class='ocrx_word' id='word_1_252' title='bbox 307 3545 445 3629; x_wconf 88' lang='lat' dir='ltr'><strong>perantis</strong></span> <span class='ocrx_word' id='word_1_253' title='bbox 481 3546 642 3610; x_wconf 85' lang='lat' dir='ltr'><strong>humilitas</strong></span> <span class='ocrx_word' id='word_1_254' title='bbox 676 3546 874 3629; x_wconf 87' lang='lat' dir='ltr'><strong>praedicatur</strong></span> <span class='ocrx_word' id='word_1_255' title='bbox 905 3549 936 3610; x_wconf 89' lang='lat' dir='ltr'><strong>et</strong></span> <span class='ocrx_word' id='word_1_256' title='bbox 966 3544 1020 3609; x_wconf 89' lang='lat' dir='ltr'><strong>ubi</strong></span> <span class='ocrx_word' id='word_1_257' title='bbox 1049 3543 1122 3609; x_wconf 88' lang='lat' dir='ltr'><strong>fidei</strong></span> <span class='ocrx_word' id='word_1_258' title='bbox 1152 3543 1277 3608; x_wconf 92' lang='lat' dir='ltr'><strong>diuitias</strong></span> <span class='ocrx_word' id='word_1_259' title='bbox 1308 3543 1450 3608; x_wconf 91' lang='lat' dir='ltr'><strong>doctrina</strong></span> 
     </span>
     <span class='ocr_line' id='line_1_31' title="bbox 255 3649 1449 3734; baseline -0.004 -18"><span class='ocrx_word' id='word_1_260' title='bbox 255 3676 283 3716; x_wconf 79' lang='lat' dir='ltr'><strong>eo</strong></span> <span class='ocrx_word' id='word_1_261' title='bbox 307 3651 461 3734; x_wconf 79' lang='lat' dir='ltr'><strong>generalis</strong></span> <span class='ocrx_word' id='word_1_262' title='bbox 484 3650 621 3715; x_wconf 77' lang='lat' dir='ltr'><strong>moneat</strong></span> <span class='ocrx_word' id='word_1_263' title='bbox 643 3669 679 3715; x_wconf 91' lang='lat' dir='ltr'><strong>ac</strong></span> <span class='ocrx_word' id='word_1_264' title='bbox 700 3651 808 3715; x_wconf 91' lang='lat' dir='ltr'><strong>lumen</strong></span> <span class='ocrx_word' id='word_1_265' title='bbox 831 3649 1024 3714; x_wconf 89' lang='lat' dir='ltr'><strong>credulitatis</strong></span> <span class='ocrx_word' id='word_1_266' title='bbox 1047 3649 1193 3714; x_wconf 88' lang='lat' dir='ltr'><strong>insinuat.</strong></span> <span class='ocrx_word' id='word_1_267' title='bbox 1231 3666 1293 3712; x_wconf 93' lang='lat' dir='ltr'><strong>non</strong></span> <span class='ocrx_word' id='word_1_268' title='bbox 1317 3665 1389 3731; x_wconf 83' lang='lat' dir='ltr'><strong>ergo</strong></span> <span class='ocrx_word' id='word_1_269' title='bbox 1413 3666 1449 3711; x_wconf 88' lang='lat' dir='ltr'><strong>se</strong></span> 
     </span>
    </p>
   </div>
   <div class='ocr_carea' id='block_1_3' title="bbox 412 3848 650 3918">
    <p class='ocr_par' dir='ltr' id='par_1_3' title="bbox 412 3848 650 3918">
     <span class='ocr_line' id='line_1_32' title="bbox 412 3848 650 3918; baseline -0.008 -14"><span class='ocrx_word' id='word_1_270' title='bbox 412 3849 456 3918; x_wconf 90' lang='grc'><strong>16]</strong></span> <span class='ocrx_word' id='word_1_271' title='bbox 475 3848 551 3902; x_wconf 82' lang='lat' dir='ltr'><strong>Rom.</strong></span> <span class='ocrx_word' id='word_1_272' title='bbox 571 3852 596 3914; x_wconf 91' lang='grc'><strong>9,</strong></span> <span class='ocrx_word' id='word_1_273' title='bbox 609 3851 650 3906; x_wconf 89' lang='grc'><strong>30.</strong></span> 
     </span>
    </p>
   </div>
   <div class='ocr_carea' id='block_1_4' title="bbox 308 3989 1449 4266">
    <p class='ocr_par' dir='ltr' id='par_1_4' title="bbox 308 3989 1449 4266">
     <span class='ocr_line' id='line_1_33' title="bbox 353 3989 1449 4090; baseline -0.003 -12"><span class='ocrx_word' id='word_1_274' title='bbox 353 3989 571 4078; x_wconf 64' lang='grc' dir='ltr'>ΙάἰιιίᾱοιιιέιΡ</span> <span class='ocrx_word' id='word_1_275' title='bbox 622 4021 1019 4090; x_wconf 69' lang='lat' dir='ltr'><strong>baidetorquaascribendam</strong></span> <span class='ocrx_word' id='word_1_276' title='bbox 1072 4020 1193 4076; x_wconf 87' lang='lat' dir='ltr'><strong>5senori</strong></span> <span class='ocrx_word' id='word_1_277' title='bbox 1206 4019 1235 4076; x_wconf 89' lang='lat' dir='ltr'><em>P</em></span> <span class='ocrx_word' id='word_1_278' title='bbox 1284 4018 1449 4075; x_wconf 88' lang='lat' dir='ltr'><strong>iunioremc</strong></span> 
     </span>
     <span class='ocr_line' id='line_1_34' title="bbox 309 4105 1448 4179; baseline -0.008 -12"><span class='ocrx_word' id='word_1_279' title='bbox 309 4115 471 4178; x_wconf 77' lang='lat' dir='ltr'><strong>lrrtroquae</strong></span> <span class='ocrx_word' id='word_1_280' title='bbox 489 4113 517 4166; x_wconf 92' lang='lat' dir='ltr'><em>P</em></span> <span class='ocrx_word' id='word_1_281' title='bbox 583 4109 755 4167; x_wconf 86' lang='lat' dir='ltr'><strong>8deereturn</strong></span> <span class='ocrx_word' id='word_1_282' title='bbox 773 4110 880 4179; x_wconf 64' lang='lat' dir='ltr'><strong>serapti,</strong></span> <span class='ocrx_word' id='word_1_283' title='bbox 900 4107 1007 4162; x_wconf 87' lang='lat' dir='ltr'><strong>decretu</strong></span> <span class='ocrx_word' id='word_1_284' title='bbox 1026 4109 1060 4173; x_wconf 92' lang='lat' dir='ltr'><strong>P,</strong></span> <span class='ocrx_word' id='word_1_285' title='bbox 1079 4107 1218 4164; x_wconf 86' lang='lat' dir='ltr'><strong>decretae</strong></span> <span class='ocrx_word' id='word_1_286' title='bbox 1286 4105 1379 4175; x_wconf 78' lang='lat' dir='ltr'><strong>aaut]</strong></span> <span class='ocrx_word' id='word_1_287' title='bbox 1398 4105 1448 4159; x_wconf 81' lang='lat' dir='ltr'><strong>nli·</strong></span> 
     </span>
     <span class='ocr_line' id='line_1_35' title="bbox 308 4193 1448 4266; baseline -0.004 -15"><span class='ocrx_word' id='word_1_288' title='bbox 308 4197 372 4266; x_wconf 92' lang='lat' dir='ltr'><strong>quid</strong></span> <span class='ocrx_word' id='word_1_289' title='bbox 390 4199 519 4266; x_wconf 63' lang='lat' dir='ltr'><strong>(amam)</strong></span> <span class='ocrx_word' id='word_1_290' title='bbox 537 4200 584 4252; x_wconf 91' lang='lat' dir='ltr'><strong>aut</strong></span> <span class='ocrx_word' id='word_1_291' title='bbox 601 4198 629 4252; x_wconf 93' lang='lat' dir='ltr'><strong><em>P</em></strong></span> <span class='ocrx_word' id='word_1_292' title='bbox 681 4200 714 4253; x_wconf 88' lang='grc'><strong>12</strong></span> <span class='ocrx_word' id='word_1_293' title='bbox 732 4196 909 4266; x_wconf 87' lang='lat' dir='ltr'><strong>dispositurus</strong></span> <span class='ocrx_word' id='word_1_294' title='bbox 928 4197 955 4250; x_wconf 93' lang='lat' dir='ltr'><em>P</em></span> <span class='ocrx_word' id='word_1_295' title='bbox 1007 4199 1039 4250; x_wconf 88' lang='lat'><strong>15</strong></span> <span class='ocrx_word' id='word_1_296' title='bbox 1058 4195 1212 4250; x_wconf 88' lang='lat' dir='ltr'><strong>discribitur</strong></span> <span class='ocrx_word' id='word_1_297' title='bbox 1230 4196 1257 4250; x_wconf 95' lang='lat' dir='ltr'><strong><em>P</em></strong></span> <span class='ocrx_word' id='word_1_298' title='bbox 1315 4196 1348 4250; x_wconf 92' lang='grc'><strong>16</strong></span> <span class='ocrx_word' id='word_1_299' title='bbox 1365 4193 1448 4248; x_wconf 88' lang='lat' dir='ltr'><strong>utris-</strong></span> 
     </span>
    </p>
   </div>
   <div class='ocr_carea' id='block_1_5' title="bbox 308 4272 1448 4468">
    <p class='ocr_par' dir='ltr' id='par_1_5' title="bbox 308 4272 1448 4468">
     <span class='ocr_line' id='line_1_36' title="bbox 308 4272 1448 4380; baseline -0.004 -16"><span class='ocrx_word' id='word_1_300' title='bbox 308 4325 375 4380; x_wconf 88' lang='lat' dir='ltr'><strong>quae</strong></span> <span class='ocrx_word' id='word_1_301' title='bbox 393 4310 421 4364; x_wconf 91' lang='lat' dir='ltr'><strong><em>P</em></strong></span> <span class='ocrx_word' id='word_1_302' title='bbox 477 4313 509 4367; x_wconf 88' lang='grc'><strong>17</strong></span> <span class='ocrx_word' id='word_1_303' title='bbox 532 4309 783 4380; x_wconf 81' lang='lat' dir='ltr'><strong>adpraehenderent</strong></span> <span class='ocrx_word' id='word_1_304' title='bbox 800 4309 828 4363; x_wconf 89' lang='lat' dir='ltr'><strong><em>P</em></strong></span> <span class='ocrx_word' id='word_1_305' title='bbox 878 4310 912 4364; x_wconf 87' lang='grc'><strong>22</strong></span> <span class='ocrx_word' id='word_1_306' title='bbox 936 4307 1107 4363; x_wconf 85' lang='lat' dir='ltr'><strong>distruuntur</strong></span> <span class='ocrx_word' id='word_1_307' title='bbox 1125 4310 1153 4364; x_wconf 90' lang='lat' dir='ltr'><strong><em>P</em></strong></span> <span class='ocrx_word' id='word_1_308' title='bbox 1207 4309 1240 4363; x_wconf 79' lang='grc'><strong>27</strong></span> <span class='ocrx_word' id='word_1_309' title='bbox 1262 4272 1339 4377; x_wconf 64' lang='lat' dir='ltr'><strong>prdit</strong></span> <span class='ocrx_word' id='word_1_310' title='bbox 1358 4307 1385 4361; x_wconf 92' lang='lat' dir='ltr'><strong><em>P</em></strong></span> <span class='ocrx_word' id='word_1_311' title='bbox 1401 4308 1448 4376; x_wconf 91' lang='lat' dir='ltr'><strong>(po</strong></span> 
     </span>
     <span class='ocr_line' id='line_1_37' title="bbox 308 4393 1302 4468; baseline -0.002 -14"><span class='ocrx_word' id='word_1_312' title='bbox 308 4415 379 4454; x_wconf 80' lang='lat' dir='ltr'><strong>moa.</strong></span> <span class='ocrx_word' id='word_1_313' title='bbox 398 4399 458 4468; x_wconf 80' lang='lat' dir='ltr'><strong>alt)</strong></span> <span class='ocrx_word' id='word_1_314' title='bbox 510 4399 544 4456; x_wconf 85' lang='lat'><strong>28</strong></span> <span class='ocrx_word' id='word_1_315' title='bbox 562 4395 771 4468; x_wconf 81' lang='lat' dir='ltr'><strong>optemperantis</strong></span> <span class='ocrx_word' id='word_1_316' title='bbox 790 4396 818 4451; x_wconf 95' lang='lat' dir='ltr'><strong><em>P</em></strong></span> <span class='ocrx_word' id='word_1_317' title='bbox 870 4397 903 4452; x_wconf 86' lang='grc'><strong>29</strong></span> <span class='ocrx_word' id='word_1_318' title='bbox 921 4393 993 4466; x_wconf 74' lang='lat' dir='ltr'><strong>filldei</strong></span> <span class='ocrx_word' id='word_1_319' title='bbox 1012 4396 1040 4450; x_wconf 96' lang='lat' dir='ltr'><strong><em>P</em></strong></span> <span class='ocrx_word' id='word_1_320' title='bbox 1091 4399 1125 4452; x_wconf 85' lang='lat'><strong>30</strong></span> <span class='ocrx_word' id='word_1_321' title='bbox 1142 4393 1256 4451; x_wconf 78' lang='lat' dir='ltr'><strong>insultat</strong></span> <span class='ocrx_word' id='word_1_322' title='bbox 1274 4395 1302 4452; x_wconf 90' lang='lat' dir='ltr'><strong><em>P</em></strong></span> 
     </span>
    </p>
   </div>
   <div class='ocr_carea' id='block_1_6' title="bbox 0 0 1636 5134">
    <p class='ocr_par' dir='ltr' id='par_1_6' title="bbox 0 0 1636 5134">
     <span class='ocr_line' id='line_1_38' title="bbox 0 0 1636 5134; baseline 0 1"><span class='ocrx_word' id='word_1_323' title='bbox 0 0 1636 5134; x_wconf 95' lang='lat' dir='ltr'><strong> </strong></span> 
     </span>
    </p>
   </div>
  </div>
 </body>
</html>
