<?xml version="1.0" encoding="UTF-8"?>
<!DOCTYPE html PUBLIC "-//W3C//DTD XHTML 1.0 Transitional//EN"
    "http://www.w3.org/TR/xhtml1/DTD/xhtml1-transitional.dtd">
<html xmlns="http://www.w3.org/1999/xhtml" xml:lang="en" lang="en">
 <head>
  <title>
</title>
<meta http-equiv="Content-Type" content="text/html;charset=utf-8" />
  <meta name='ocr-system' content='tesseract 3.04.00' />
  <meta name='ocr-capabilities' content='ocr_page ocr_carea ocr_par ocr_line ocrx_word'/>
</head>
<body>
  <div class='ocr_page' id='page_1' title='image "./praetersermones01fausgoog_0169.png"; bbox 0 0 3264 5134; ppageno 0'>
   <div class='ocr_carea' id='block_1_1' title="bbox 327 503 998 572">
    <p class='ocr_par' dir='ltr' id='par_1_1' title="bbox 327 503 998 572">
     <span class='ocr_line' id='line_1_1' title="bbox 327 503 998 572; baseline 0.004 -17"><span class='ocrx_word' id='word_1_1' title='bbox 327 503 370 568; x_wconf 77' lang='lat'>82</span> <span class='ocrx_word' id='word_1_2' title='bbox 788 503 809 558; x_wconf 90' lang='lat'>1.</span> <span class='ocrx_word' id='word_1_3' title='bbox 829 504 873 557; x_wconf 89' lang='lat' dir='ltr'>De</span> <span class='ocrx_word' id='word_1_4' title='bbox 890 503 998 572; x_wconf 83' lang='lat' dir='ltr'>gratia</span> 
     </span>
    </p>
   </div>
   <div class='ocr_carea' id='block_1_2' title="bbox 274 677 1540 3991">
    <p class='ocr_par' dir='ltr' id='par_1_2' title="bbox 274 677 1540 3260">
     <span class='ocr_line' id='line_1_2' title="bbox 327 677 1461 762; baseline -0.003 -18"><span class='ocrx_word' id='word_1_5' title='bbox 327 679 484 744; x_wconf 86' lang='lat' dir='ltr'>Romanos</span> <span class='ocrx_word' id='word_1_6' title='bbox 508 680 681 744; x_wconf 90' lang='lat' dir='ltr'>euidentius</span> <span class='ocrx_word' id='word_1_7' title='bbox 703 681 893 762; x_wconf 72' lang='lat' dir='ltr'>protestatur</span> <span class='ocrx_word' id='word_1_8' title='bbox 916 679 1035 745; x_wconf 87' lang='lat' dir='ltr'>dicens:</span> <span class='ocrx_word' id='word_1_9' title='bbox 1066 679 1260 743; x_wconf 84' lang='lat' dir='ltr'>reueletur</span> <span class='ocrx_word' id='word_1_10' title='bbox 1289 678 1385 742; x_wconf 90' lang='lat' dir='ltr'>enim</span> <span class='ocrx_word' id='word_1_11' title='bbox 1408 677 1461 742; x_wconf 88' lang='lat' dir='ltr'>ira</span> 
     </span>
     <span class='ocr_line' id='line_1_3' title="bbox 327 783 1460 868; baseline -0.003 -20"><span class='ocrx_word' id='word_1_12' title='bbox 327 784 384 848; x_wconf 91' lang='lat' dir='ltr'>dei</span> <span class='ocrx_word' id='word_1_13' title='bbox 407 785 449 849; x_wconf 90' lang='lat' dir='ltr'>de</span> <span class='ocrx_word' id='word_1_14' title='bbox 472 785 574 850; x_wconf 87' lang='lat' dir='ltr'>caelo</span> <span class='ocrx_word' id='word_1_15' title='bbox 601 803 711 868; x_wconf 89' lang='lat' dir='ltr'>super</span> <span class='ocrx_word' id='word_1_16' title='bbox 739 801 881 849; x_wconf 90' lang='lat' dir='ltr'>omnem</span> <span class='ocrx_word' id='word_1_17' title='bbox 909 784 1143 868; x_wconf 83' lang='lat' dir='ltr'>impietatem</span> <span class='ocrx_word' id='word_1_18' title='bbox 1169 787 1205 847; x_wconf 88' lang='lat' dir='ltr'>et</span> <span class='ocrx_word' id='word_1_19' title='bbox 1231 783 1460 847; x_wconf 87' lang='lat' dir='ltr'>iniustitiam</span> 
     </span>
     <span class='ocr_line' id='line_1_4' title="bbox 326 885 1540 970; baseline -0.004 -16"><span class='ocrx_word' id='word_1_20' title='bbox 326 888 514 954; x_wconf 89' lang='lat' dir='ltr'>hominum</span> <span class='ocrx_word' id='word_1_21' title='bbox 537 906 675 970; x_wconf 85' lang='lat' dir='ltr'>eorum,</span> <span class='ocrx_word' id='word_1_22' title='bbox 699 887 761 970; x_wconf 91' lang='lat' dir='ltr'>qui</span> <span class='ocrx_word' id='word_1_23' title='bbox 784 888 983 952; x_wconf 85' lang='lat' dir='ltr'>ueritatem</span> <span class='ocrx_word' id='word_1_24' title='bbox 1006 889 1042 953; x_wconf 95' lang='lat' dir='ltr'>in</span> <span class='ocrx_word' id='word_1_25' title='bbox 1064 887 1255 953; x_wconf 90' lang='lat' dir='ltr'>iniustitia</span> <span class='ocrx_word' id='word_1_26' title='bbox 1276 885 1460 966; x_wconf 86' lang='lat' dir='ltr'>detinent,</span> <span class='ocrx_word' id='word_1_27' title='bbox 1536 885 1540 893; x_wconf 87' lang='lat'>&#39;</span> 
     </span>
     <span class='ocr_line' id='line_1_5' title="bbox 325 991 1459 1076; baseline -0.004 -19"><span class='ocrx_word' id='word_1_28' title='bbox 325 993 426 1075; x_wconf 89' lang='lat' dir='ltr'>quia,</span> <span class='ocrx_word' id='word_1_29' title='bbox 450 993 544 1076; x_wconf 91' lang='lat' dir='ltr'>quod</span> <span class='ocrx_word' id='word_1_30' title='bbox 566 997 693 1058; x_wconf 87' lang='lat' dir='ltr'>notum</span> <span class='ocrx_word' id='word_1_31' title='bbox 717 995 775 1057; x_wconf 89' lang='lat' dir='ltr'>est</span> <span class='ocrx_word' id='word_1_32' title='bbox 797 992 870 1074; x_wconf 87' lang='lat' dir='ltr'>dei,</span> <span class='ocrx_word' id='word_1_33' title='bbox 893 993 1135 1057; x_wconf 87' lang='lat' dir='ltr'>manifestum</span> <span class='ocrx_word' id='word_1_34' title='bbox 1159 995 1216 1056; x_wconf 88' lang='lat' dir='ltr'>est</span> <span class='ocrx_word' id='word_1_35' title='bbox 1238 991 1326 1056; x_wconf 90' lang='lat' dir='ltr'>illis.</span> <span class='ocrx_word' id='word_1_36' title='bbox 1373 991 1459 1054; x_wconf 88' lang='lat' dir='ltr'>deus</span> 
     </span>
     <span class='ocr_line' id='line_1_6' title="bbox 287 1087 1460 1178; baseline -0.003 -17"><span class='ocrx_word' id='word_1_37' title='bbox 287 1097 424 1162; x_wconf 81' lang='lat' dir='ltr'>senim</span> <span class='ocrx_word' id='word_1_38' title='bbox 463 1097 543 1161; x_wconf 87' lang='lat' dir='ltr'>illis</span> <span class='ocrx_word' id='word_1_39' title='bbox 582 1097 858 1162; x_wconf 87' lang='lat' dir='ltr'>manifestauit:</span> <span class='ocrx_word' id='word_1_40' title='bbox 897 1087 1110 1161; x_wconf 90' lang='lat' dir='ltr'>inuisibilia</span> <span class='ocrx_word' id='word_1_41' title='bbox 1149 1096 1246 1160; x_wconf 94' lang='lat' dir='ltr'>enim</span> <span class='ocrx_word' id='word_1_42' title='bbox 1284 1095 1405 1178; x_wconf 90' lang='lat' dir='ltr'>ipsius</span> <span class='ocrx_word' id='word_1_43' title='bbox 1442 1113 1460 1158; x_wconf 90' lang='lat' dir='ltr'>a</span> 
     </span>
     <span class='ocr_line' id='line_1_7' title="bbox 325 1200 1459 1284; baseline -0.001 -20"><span class='ocrx_word' id='word_1_44' title='bbox 325 1204 497 1266; x_wconf 90' lang='lat' dir='ltr'>creatura</span> <span class='ocrx_word' id='word_1_45' title='bbox 512 1201 636 1266; x_wconf 92' lang='lat' dir='ltr'>mundi</span> <span class='ocrx_word' id='word_1_46' title='bbox 651 1220 715 1284; x_wconf 91' lang='lat' dir='ltr'>per</span> <span class='ocrx_word' id='word_1_47' title='bbox 731 1219 786 1282; x_wconf 87' lang='lat' dir='ltr'>ea,</span> <span class='ocrx_word' id='word_1_48' title='bbox 810 1200 1017 1283; x_wconf 81' lang='lat' dir='ltr'>quaefacta</span> <span class='ocrx_word' id='word_1_49' title='bbox 1040 1203 1139 1282; x_wconf 85' lang='lat' dir='ltr'>eunt,</span> <span class='ocrx_word' id='word_1_50' title='bbox 1162 1200 1361 1264; x_wconf 87' lang='lat' dir='ltr'>intellecto</span> <span class='ocrx_word' id='word_1_51' title='bbox 1380 1217 1459 1264; x_wconf 88' lang='lat' dir='ltr'>cou-</span> 
     </span>
     <span class='ocr_line' id='line_1_8' title="bbox 325 1303 1460 1388; baseline -0.002 -20"><span class='ocrx_word' id='word_1_52' title='bbox 325 1305 546 1388; x_wconf 89' lang='lat' dir='ltr'>spiciuutur.</span> <span class='ocrx_word' id='word_1_53' title='bbox 586 1305 816 1388; x_wconf 88' lang='lat' dir='ltr'>sempiterna</span> <span class='ocrx_word' id='word_1_54' title='bbox 837 1321 981 1387; x_wconf 89' lang='lat' dir='ltr'>quoque</span> <span class='ocrx_word' id='word_1_55' title='bbox 1004 1305 1083 1368; x_wconf 90' lang='lat' dir='ltr'>eius</span> <span class='ocrx_word' id='word_1_56' title='bbox 1109 1305 1231 1368; x_wconf 85' lang='lat' dir='ltr'>uirtus</span> <span class='ocrx_word' id='word_1_57' title='bbox 1262 1307 1299 1368; x_wconf 84' lang='lat' dir='ltr'>et</span> <span class='ocrx_word' id='word_1_58' title='bbox 1326 1303 1460 1368; x_wconf 92' lang='lat' dir='ltr'>diuini-</span> 
     </span>
     <span class='ocr_line' id='line_1_9' title="bbox 324 1407 1460 1492; baseline -0.004 -18"><span class='ocrx_word' id='word_1_59' title='bbox 324 1413 396 1490; x_wconf 84' lang='lat' dir='ltr'>tas,</span> <span class='ocrx_word' id='word_1_60' title='bbox 430 1413 470 1474; x_wconf 92' lang='lat' dir='ltr'>ut</span> <span class='ocrx_word' id='word_1_61' title='bbox 503 1410 581 1473; x_wconf 87' lang='lat' dir='ltr'>sint</span> <span class='ocrx_word' id='word_1_62' title='bbox 613 1408 902 1473; x_wconf 82' lang='lat' dir='ltr'>inexcusabiles.</span> <span class='ocrx_word' id='word_1_63' title='bbox 948 1409 1036 1491; x_wconf 88' lang='lat' dir='ltr'>quia</span> <span class='ocrx_word' id='word_1_64' title='bbox 1073 1426 1154 1472; x_wconf 90' lang='lat' dir='ltr'>curn</span> <span class='ocrx_word' id='word_1_65' title='bbox 1192 1407 1460 1492; x_wconf 88' lang='lat' dir='ltr'>cognouissent</span> 
     </span>
     <span class='ocr_line' id='line_1_10' title="bbox 325 1511 1459 1596; baseline -0.001 -20"><span class='ocrx_word' id='word_1_66' title='bbox 325 1513 446 1594; x_wconf 90' lang='lat' dir='ltr'>deum,</span> <span class='ocrx_word' id='word_1_67' title='bbox 466 1530 537 1578; x_wconf 90' lang='lat' dir='ltr'>nou</span> <span class='ocrx_word' id='word_1_68' title='bbox 558 1513 655 1577; x_wconf 91' lang='lat' dir='ltr'>sicut</span> <span class='ocrx_word' id='word_1_69' title='bbox 674 1513 780 1577; x_wconf 89' lang='lat' dir='ltr'>deum</span> <span class='ocrx_word' id='word_1_70' title='bbox 800 1513 1116 1596; x_wconf 87' lang='lat' dir='ltr'>glorificauerunt</span> <span class='ocrx_word' id='word_1_71' title='bbox 1135 1515 1198 1576; x_wconf 87' lang='lat' dir='ltr'>aut</span> <span class='ocrx_word' id='word_1_72' title='bbox 1216 1511 1360 1595; x_wconf 87' lang='lat' dir='ltr'>gratiae</span> <span class='ocrx_word' id='word_1_73' title='bbox 1381 1529 1459 1594; x_wconf 89' lang='lat' dir='ltr'>ege·</span> 
     </span>
     <span class='ocr_line' id='line_1_11' title="bbox 275 1615 1460 1700; baseline -0.002 -18"><span class='ocrx_word' id='word_1_74' title='bbox 275 1643 299 1682; x_wconf 80' lang='lat' dir='ltr'>ro</span> <span class='ocrx_word' id='word_1_75' title='bbox 324 1621 425 1698; x_wconf 89' lang='lat' dir='ltr'>runt,</span> <span class='ocrx_word' id='word_1_76' title='bbox 449 1618 513 1682; x_wconf 88' lang='lat' dir='ltr'>sed</span> <span class='ocrx_word' id='word_1_77' title='bbox 537 1620 770 1682; x_wconf 90' lang='lat' dir='ltr'>euanuerunt</span> <span class='ocrx_word' id='word_1_78' title='bbox 791 1617 828 1680; x_wconf 95' lang='lat' dir='ltr'>in</span> <span class='ocrx_word' id='word_1_79' title='bbox 852 1615 1148 1700; x_wconf 90' lang='lat' dir='ltr'>cogitationibus</span> <span class='ocrx_word' id='word_1_80' title='bbox 1171 1617 1248 1681; x_wconf 88' lang='lat' dir='ltr'>suis</span> <span class='ocrx_word' id='word_1_81' title='bbox 1272 1619 1307 1680; x_wconf 87' lang='lat' dir='ltr'>ot</span> <span class='ocrx_word' id='word_1_82' title='bbox 1333 1615 1460 1681; x_wconf 90' lang='lat' dir='ltr'>obscu-</span> 
     </span>
     <span class='ocr_line' id='line_1_12' title="bbox 325 1720 1459 1804; baseline -0.003 -18"><span class='ocrx_word' id='word_1_83' title='bbox 325 1725 447 1786; x_wconf 86' lang='lat' dir='ltr'>ratum</span> <span class='ocrx_word' id='word_1_84' title='bbox 471 1725 528 1786; x_wconf 91' lang='lat' dir='ltr'>est</span> <span class='ocrx_word' id='word_1_85' title='bbox 549 1721 735 1804; x_wconf 90' lang='lat' dir='ltr'>insipiens</span> <span class='ocrx_word' id='word_1_86' title='bbox 758 1738 819 1786; x_wconf 90' lang='lat' dir='ltr'>cor</span> <span class='ocrx_word' id='word_1_87' title='bbox 841 1739 975 1786; x_wconf 91' lang='lat' dir='ltr'>eorum.</span> <span class='ocrx_word' id='word_1_88' title='bbox 1014 1721 1182 1786; x_wconf 88' lang='lat' dir='ltr'>dicentes</span> <span class='ocrx_word' id='word_1_89' title='bbox 1204 1720 1359 1784; x_wconf 91' lang='lat' dir='ltr'>enimse</span> <span class='ocrx_word' id='word_1_90' title='bbox 1380 1739 1459 1784; x_wconf 89' lang='lat' dir='ltr'>esse</span> 
     </span>
     <span class='ocr_line' id='line_1_13' title="bbox 325 1824 1459 1910; baseline -0.003 -20"><span class='ocrx_word' id='word_1_91' title='bbox 325 1827 518 1910; x_wconf 88' lang='lat' dir='ltr'>sapientes</span> <span class='ocrx_word' id='word_1_92' title='bbox 549 1825 658 1890; x_wconf 92' lang='lat' dir='ltr'>stulti</span> <span class='ocrx_word' id='word_1_93' title='bbox 685 1825 776 1889; x_wconf 88' lang='lat' dir='ltr'>iacti</span> <span class='ocrx_word' id='word_1_94' title='bbox 800 1828 945 1889; x_wconf 90' lang='lat' dir='ltr'>suntet</span> <span class='ocrx_word' id='word_1_95' title='bbox 967 1829 1207 1890; x_wconf 89' lang='lat' dir='ltr'>mutauerunt</span> <span class='ocrx_word' id='word_1_96' title='bbox 1228 1824 1386 1908; x_wconf 79' lang='lat' dir='ltr'>gloriam</span> <span class='ocrx_word' id='word_1_97' title='bbox 1408 1825 1459 1888; x_wconf 95' lang='lat' dir='ltr'>in·</span> 
     </span>
     <span class='ocr_line' id='line_1_14' title="bbox 325 1928 1459 2014; baseline -0.003 -20"><span class='ocrx_word' id='word_1_98' title='bbox 325 1929 584 2014; x_wconf 80' lang='lat' dir='ltr'>corruptibilis</span> <span class='ocrx_word' id='word_1_99' title='bbox 615 1929 673 1994; x_wconf 91' lang='lat' dir='ltr'>dei</span> <span class='ocrx_word' id='word_1_100' title='bbox 702 1929 739 1992; x_wconf 91' lang='lat' dir='ltr'>in</span> <span class='ocrx_word' id='word_1_101' title='bbox 766 1928 1052 1994; x_wconf 87' lang='lat' dir='ltr'>similitudinem</span> <span class='ocrx_word' id='word_1_102' title='bbox 1079 1929 1255 2013; x_wconf 79' lang='lat' dir='ltr'>imaginis</span> <span class='ocrx_word' id='word_1_103' title='bbox 1278 1928 1459 2011; x_wconf 90' lang='lat' dir='ltr'>corrupti-</span> 
     </span>
     <span class='ocr_line' id='line_1_15' title="bbox 324 2031 1458 2117; baseline -0.001 -20"><span class='ocrx_word' id='word_1_104' title='bbox 324 2031 415 2097; x_wconf 91' lang='lat' dir='ltr'>bilis</span> <span class='ocrx_word' id='word_1_105' title='bbox 444 2033 616 2097; x_wconf 80' lang='lat' dir='ltr'>hominis,</span> <span class='ocrx_word' id='word_1_106' title='bbox 655 2033 714 2096; x_wconf 91' lang='lat' dir='ltr'>nisi</span> <span class='ocrx_word' id='word_1_107' title='bbox 747 2033 830 2096; x_wconf 92' lang='lat' dir='ltr'>enim</span> <span class='ocrx_word' id='word_1_108' title='bbox 862 2049 881 2096; x_wconf 89' lang='lat' dir='ltr'>a</span> <span class='ocrx_word' id='word_1_109' title='bbox 913 2033 982 2117; x_wconf 89' lang='lat' dir='ltr'>lege</span> <span class='ocrx_word' id='word_1_110' title='bbox 1016 2032 1066 2097; x_wconf 89' lang='lat' dir='ltr'>dei</span> <span class='ocrx_word' id='word_1_111' title='bbox 1095 2031 1277 2096; x_wconf 89' lang='lat' dir='ltr'>recessisset</span> <span class='ocrx_word' id='word_1_112' title='bbox 1305 2033 1458 2112; x_wconf 86' lang='lat' dir='ltr'>uoluntas,</span> 
     </span>
     <span class='ocr_line' id='line_1_16' title="bbox 274 2131 1457 2220; baseline -0.002 -18"><span class='ocrx_word' id='word_1_113' title='bbox 274 2163 299 2202; x_wconf 77' lang='lat' dir='ltr'>re</span> <span class='ocrx_word' id='word_1_114' title='bbox 326 2137 403 2201; x_wconf 88' lang='lat' dir='ltr'>iram</span> <span class='ocrx_word' id='word_1_115' title='bbox 427 2137 476 2200; x_wconf 89' lang='lat' dir='ltr'>dei</span> <span class='ocrx_word' id='word_1_116' title='bbox 500 2153 561 2201; x_wconf 93' lang='lat' dir='ltr'>non</span> <span class='ocrx_word' id='word_1_117' title='bbox 584 2136 734 2201; x_wconf 84' lang='lat' dir='ltr'>sensisset</span> <span class='ocrx_word' id='word_1_118' title='bbox 760 2131 921 2220; x_wconf 86' lang='lat' dir='ltr'>impietas&#39;</span> <span class='ocrx_word' id='word_1_119' title='bbox 953 2141 1077 2201; x_wconf 92' lang='lat' dir='ltr'>etcum</span> <span class='ocrx_word' id='word_1_120' title='bbox 1108 2137 1205 2201; x_wconf 83' lang='lat' dir='ltr'>dicat:</span> <span class='ocrx_word' id='word_1_121' title='bbox 1237 2136 1336 2218; x_wconf 88' lang='lat' dir='ltr'>quia,</span> <span class='ocrx_word' id='word_1_122' title='bbox 1367 2136 1457 2218; x_wconf 91' lang='lat' dir='ltr'>quod</span> 
     </span>
     <span class='ocr_line' id='line_1_17' title="bbox 325 2239 1458 2322; baseline -0.003 -17"><span class='ocrx_word' id='word_1_123' title='bbox 325 2245 453 2306; x_wconf 94' lang='lat' dir='ltr'>notum</span> <span class='ocrx_word' id='word_1_124' title='bbox 477 2244 533 2304; x_wconf 88' lang='lat' dir='ltr'>est</span> <span class='ocrx_word' id='word_1_125' title='bbox 556 2239 628 2322; x_wconf 89' lang='lat' dir='ltr'>dei,</span> <span class='ocrx_word' id='word_1_126' title='bbox 651 2241 894 2304; x_wconf 85' lang='lat' dir='ltr'>manifestum</span> <span class='ocrx_word' id='word_1_127' title='bbox 917 2244 973 2304; x_wconf 91' lang='lat' dir='ltr'>est</span> <span class='ocrx_word' id='word_1_128' title='bbox 994 2241 1030 2305; x_wconf 94' lang='lat' dir='ltr'>in</span> <span class='ocrx_word' id='word_1_129' title='bbox 1045 2241 1133 2305; x_wconf 89' lang='lat' dir='ltr'>illie.</span> <span class='ocrx_word' id='word_1_130' title='bbox 1163 2241 1251 2304; x_wconf 88' lang='lat' dir='ltr'>deus</span> <span class='ocrx_word' id='word_1_131' title='bbox 1267 2240 1365 2303; x_wconf 92' lang='lat' dir='ltr'>euim</span> <span class='ocrx_word' id='word_1_132' title='bbox 1380 2240 1458 2304; x_wconf 92' lang='lat' dir='ltr'>illis</span> 
     </span>
     <span class='ocr_line' id='line_1_18' title="bbox 326 2344 1458 2428; baseline -0.003 -18"><span class='ocrx_word' id='word_1_133' title='bbox 326 2345 599 2425; x_wconf 68' lang='lat' dir='ltr'>manifestuum,</span> <span class='ocrx_word' id='word_1_134' title='bbox 623 2345 783 2409; x_wconf 91' lang='lat' dir='ltr'>euidenter</span> <span class='ocrx_word' id='word_1_135' title='bbox 805 2345 864 2410; x_wconf 90' lang='lat' dir='ltr'>hoc</span> <span class='ocrx_word' id='word_1_136' title='bbox 886 2344 1011 2409; x_wconf 90' lang='lat' dir='ltr'>disserit</span> <span class='ocrx_word' id='word_1_137' title='bbox 1031 2364 1087 2428; x_wconf 92' lang='lat' dir='ltr'>per</span> <span class='ocrx_word' id='word_1_138' title='bbox 1109 2345 1265 2409; x_wconf 90' lang='lat' dir='ltr'>internam</span> <span class='ocrx_word' id='word_1_139' title='bbox 1286 2344 1458 2409; x_wconf 92' lang='lat' dir='ltr'>doctrinam</span> 
     </span>
     <span class='ocr_line' id='line_1_19' title="bbox 325 2447 1461 2534; baseline -0.003 -20"><span class='ocrx_word' id='word_1_140' title='bbox 325 2449 448 2534; x_wconf 83' lang='lat' dir='ltr'>paginis</span> <span class='ocrx_word' id='word_1_141' title='bbox 471 2449 586 2513; x_wconf 90' lang='lat' dir='ltr'>mentis</span> <span class='ocrx_word' id='word_1_142' title='bbox 608 2449 790 2532; x_wconf 85' lang='lat' dir='ltr'>inscriptam</span> <span class='ocrx_word' id='word_1_143' title='bbox 814 2447 1015 2513; x_wconf 85' lang='lat' dir='ltr'>manifestam</span> <span class='ocrx_word' id='word_1_144' title='bbox 1037 2449 1098 2512; x_wconf 89' lang='lat' dir='ltr'>illis</span> <span class='ocrx_word' id='word_1_145' title='bbox 1121 2467 1189 2512; x_wconf 87' lang='lat' dir='ltr'>esso</span> <span class='ocrx_word' id='word_1_146' title='bbox 1212 2448 1356 2513; x_wconf 85' lang='lat' dir='ltr'>debuisse</span> <span class='ocrx_word' id='word_1_147' title='bbox 1380 2449 1461 2513; x_wconf 91' lang='lat' dir='ltr'>noti-</span> 
     </span>
     <span class='ocr_line' id='line_1_20' title="bbox 327 2551 1459 2638; baseline -0.002 -20"><span class='ocrx_word' id='word_1_148' title='bbox 327 2554 403 2618; x_wconf 88' lang='lat' dir='ltr'>tiam</span> <span class='ocrx_word' id='word_1_149' title='bbox 433 2554 482 2618; x_wconf 90' lang='lat' dir='ltr'>dei</span> <span class='ocrx_word' id='word_1_150' title='bbox 511 2557 543 2618; x_wconf 91' lang='lat' dir='ltr'>et</span> <span class='ocrx_word' id='word_1_151' title='bbox 573 2571 627 2637; x_wconf 89' lang='lat' dir='ltr'>per</span> <span class='ocrx_word' id='word_1_152' title='bbox 654 2556 814 2617; x_wconf 79' lang='lat' dir='ltr'>creaturae</span> <span class='ocrx_word' id='word_1_153' title='bbox 842 2551 1106 2638; x_wconf 90' lang='lat' dir='ltr'>magnificentiam</span> <span class='ocrx_word' id='word_1_154' title='bbox 1130 2555 1301 2617; x_wconf 88' lang='lat' dir='ltr'>creatorem</span> <span class='ocrx_word' id='word_1_155' title='bbox 1322 2553 1459 2636; x_wconf 87' lang='lat' dir='ltr'>potuisse</span> 
     </span>
     <span class='ocr_line' id='line_1_21' title="bbox 275 2655 1460 2742; baseline -0.004 -19"><span class='ocrx_word' id='word_1_156' title='bbox 275 2683 301 2724; x_wconf 77' lang='lat' dir='ltr'>ro</span> <span class='ocrx_word' id='word_1_157' title='bbox 327 2657 479 2742; x_wconf 86' lang='lat' dir='ltr'>cognosci.</span> <span class='ocrx_word' id='word_1_158' title='bbox 517 2657 740 2722; x_wconf 78' lang='lat' dir='ltr'>inexcusabiles</span> <span class='ocrx_word' id='word_1_159' title='bbox 764 2657 877 2740; x_wconf 91' lang='lat' dir='ltr'>quippe</span> <span class='ocrx_word' id='word_1_160' title='bbox 900 2657 982 2740; x_wconf 89' lang='lat' dir='ltr'>apud</span> <span class='ocrx_word' id='word_1_161' title='bbox 1004 2657 1097 2721; x_wconf 91' lang='lat' dir='ltr'>deum</span> <span class='ocrx_word' id='word_1_162' title='bbox 1119 2675 1182 2722; x_wconf 94' lang='lat' dir='ltr'>non</span> <span class='ocrx_word' id='word_1_163' title='bbox 1205 2661 1320 2737; x_wconf 84' lang='lat' dir='ltr'>essent,</span> <span class='ocrx_word' id='word_1_164' title='bbox 1346 2655 1406 2721; x_wconf 91' lang='lat' dir='ltr'>nisi</span> <span class='ocrx_word' id='word_1_165' title='bbox 1428 2659 1460 2719; x_wconf 90' lang='lat' dir='ltr'>et</span> 
     </span>
     <span class='ocr_line' id='line_1_22' title="bbox 328 2761 1461 2844; baseline -0.002 -18"><span class='ocrx_word' id='word_1_166' title='bbox 328 2763 519 2827; x_wconf 82' lang='lat' dir='ltr'>extrinsecus</span> <span class='ocrx_word' id='word_1_167' title='bbox 554 2766 586 2826; x_wconf 92' lang='lat' dir='ltr'>et</span> <span class='ocrx_word' id='word_1_168' title='bbox 618 2762 805 2826; x_wconf 87' lang='lat' dir='ltr'>intrinsecus</span> <span class='ocrx_word' id='word_1_169' title='bbox 839 2761 958 2843; x_wconf 88' lang='lat' dir='ltr'>copiam</span> <span class='ocrx_word' id='word_1_170' title='bbox 993 2761 1206 2844; x_wconf 89' lang='lat' dir='ltr'>percipiendae</span> <span class='ocrx_word' id='word_1_171' title='bbox 1225 2761 1376 2826; x_wconf 85' lang='lat' dir='ltr'>-ueritatis</span> <span class='ocrx_word' id='word_1_172' title='bbox 1405 2761 1461 2824; x_wconf 87' lang='lat' dir='ltr'>hc·</span> 
     </span>
     <span class='ocr_line' id='line_1_23' title="bbox 327 2865 1461 2949; baseline -0.004 -19"><span class='ocrx_word' id='word_1_173' title='bbox 327 2865 470 2931; x_wconf 87' lang='lat' dir='ltr'>tuissent</span> <span class='ocrx_word' id='word_1_174' title='bbox 493 2865 644 2930; x_wconf 83' lang='lat' dir='ltr'>adiciente</span> <span class='ocrx_word' id='word_1_175' title='bbox 660 2866 812 2949; x_wconf 85' lang='lat' dir='ltr'>apostolo:</span> <span class='ocrx_word' id='word_1_176' title='bbox 836 2866 934 2946; x_wconf 88' lang='lat' dir='ltr'>quia,</span> <span class='ocrx_word' id='word_1_177' title='bbox 957 2865 1068 2947; x_wconf 84' lang='lat' dir='ltr'>inquit,</span> <span class='ocrx_word' id='word_1_178' title='bbox 1092 2883 1171 2929; x_wconf 88' lang='lat' dir='ltr'>eum</span> <span class='ocrx_word' id='word_1_179' title='bbox 1195 2865 1461 2948; x_wconf 89' lang='lat' dir='ltr'>cognouissent</span> 
     </span>
     <span class='ocr_line' id='line_1_24' title="bbox 328 2969 1461 3052; baseline -0.002 -18"><span class='ocrx_word' id='word_1_180' title='bbox 328 2970 447 3050; x_wconf 88' lang='lat' dir='ltr'>deum,</span> <span class='ocrx_word' id='word_1_181' title='bbox 479 2989 551 3036; x_wconf 92' lang='lat' dir='ltr'>non</span> <span class='ocrx_word' id='word_1_182' title='bbox 574 2971 672 3034; x_wconf 87' lang='lat' dir='ltr'>siout</span> <span class='ocrx_word' id='word_1_183' title='bbox 701 2969 807 3033; x_wconf 90' lang='lat' dir='ltr'>deum</span> <span class='ocrx_word' id='word_1_184' title='bbox 837 2969 1160 3052; x_wconf 86' lang='lat' dir='ltr'>glorificauerunt.</span> <span class='ocrx_word' id='word_1_185' title='bbox 1198 2969 1310 3051; x_wconf 91' lang='lat' dir='ltr'>impios</span> <span class='ocrx_word' id='word_1_186' title='bbox 1333 2985 1405 3052; x_wconf 87' lang='lat' dir='ltr'>ergo</span> <span class='ocrx_word' id='word_1_187' title='bbox 1429 2973 1461 3033; x_wconf 90' lang='lat' dir='ltr'>ot</span> 
     </span>
     <span class='ocr_line' id='line_1_25' title="bbox 328 3073 1460 3156; baseline 0 -18"><span class='ocrx_word' id='word_1_188' title='bbox 328 3075 365 3138; x_wconf 87' lang='lat' dir='ltr'>de</span> <span class='ocrx_word' id='word_1_189' title='bbox 388 3075 557 3156; x_wconf 89' lang='lat' dir='ltr'>intellectu,</span> <span class='ocrx_word' id='word_1_190' title='bbox 580 3074 660 3156; x_wconf 88' lang='lat' dir='ltr'>quod</span> <span class='ocrx_word' id='word_1_191' title='bbox 684 3073 773 3138; x_wconf 90' lang='lat' dir='ltr'>abusi</span> <span class='ocrx_word' id='word_1_192' title='bbox 796 3077 880 3155; x_wconf 88' lang='lat' dir='ltr'>eunt,</span> <span class='ocrx_word' id='word_1_193' title='bbox 907 3073 1045 3154; x_wconf 87' lang='lat' dir='ltr'>damnat,</span> <span class='ocrx_word' id='word_1_194' title='bbox 1069 3091 1200 3156; x_wconf 88' lang='lat' dir='ltr'>quorum</span> <span class='ocrx_word' id='word_1_195' title='bbox 1223 3073 1406 3138; x_wconf 84' lang='lat' dir='ltr'>iniustitiam</span> <span class='ocrx_word' id='word_1_196' title='bbox 1429 3074 1460 3137; x_wconf 91' lang='lat' dir='ltr'>in</span> 
     </span>
     <span class='ocr_line' id='line_1_26' title="bbox 276 3177 889 3260; baseline -0.002 -18"><span class='ocrx_word' id='word_1_197' title='bbox 276 3203 301 3242; x_wconf 76' lang='lat' dir='ltr'>ss</span> <span class='ocrx_word' id='word_1_198' title='bbox 328 3181 540 3260; x_wconf 88' lang='lat' dir='ltr'>contemptum</span> <span class='ocrx_word' id='word_1_199' title='bbox 563 3177 732 3242; x_wconf 84' lang='lat' dir='ltr'>diuinitatis</span> <span class='ocrx_word' id='word_1_200' title='bbox 755 3182 889 3242; x_wconf 90' lang='lat' dir='ltr'>accusat.</span> 
     </span>
    </p>

    <p class='ocr_par' dir='ltr' id='par_1_3' title="bbox 328 3281 1463 3679">
     <span class='ocr_line' id='line_1_27' title="bbox 371 3281 1462 3364; baseline 0 -19"><span class='ocrx_word' id='word_1_201' title='bbox 371 3281 497 3346; x_wconf 80' lang='lat' dir='ltr'>Famosi</span> <span class='ocrx_word' id='word_1_202' title='bbox 528 3285 634 3346; x_wconf 89' lang='lat' dir='ltr'>autern</span> <span class='ocrx_word' id='word_1_203' title='bbox 661 3282 826 3347; x_wconf 83' lang='lat' dir='ltr'>exundatio</span> <span class='ocrx_word' id='word_1_204' title='bbox 853 3285 944 3346; x_wconf 86' lang='lat' dir='ltr'>uasta</span> <span class='ocrx_word' id='word_1_205' title='bbox 965 3282 1073 3346; x_wconf 91' lang='lat' dir='ltr'>diluuii</span> <span class='ocrx_word' id='word_1_206' title='bbox 1095 3282 1169 3364; x_wconf 91' lang='lat' dir='ltr'>quid</span> <span class='ocrx_word' id='word_1_207' title='bbox 1192 3283 1275 3346; x_wconf 86' lang='lat' dir='ltr'>aliud</span> <span class='ocrx_word' id='word_1_208' title='bbox 1298 3282 1357 3346; x_wconf 87' lang='lat' dir='ltr'>nisi</span> <span class='ocrx_word' id='word_1_209' title='bbox 1379 3281 1462 3347; x_wconf 89' lang='lat' dir='ltr'>arbi·</span> 
     </span>
     <span class='ocr_line' id='line_1_28' title="bbox 328 3385 1462 3470; baseline 0.001 -21"><span class='ocrx_word' id='word_1_210' title='bbox 328 3385 422 3450; x_wconf 89' lang='lat' dir='ltr'>trium</span> <span class='ocrx_word' id='word_1_211' title='bbox 445 3385 575 3450; x_wconf 85' lang='lat' dir='ltr'>humani</span> <span class='ocrx_word' id='word_1_212' title='bbox 597 3387 719 3470; x_wconf 86' lang='lat' dir='ltr'>generis</span> <span class='ocrx_word' id='word_1_213' title='bbox 742 3405 797 3469; x_wconf 90' lang='lat' dir='ltr'>per</span> <span class='ocrx_word' id='word_1_214' title='bbox 819 3390 940 3450; x_wconf 87' lang='lat' dir='ltr'>reatum</span> <span class='ocrx_word' id='word_1_215' title='bbox 963 3385 1102 3451; x_wconf 88' lang='lat' dir='ltr'>damnati</span> <span class='ocrx_word' id='word_1_216' title='bbox 1125 3386 1207 3451; x_wconf 88' lang='lat' dir='ltr'>orbis</span> <span class='ocrx_word' id='word_1_217' title='bbox 1230 3387 1386 3451; x_wconf 83' lang='lat' dir='ltr'>asseruit?</span> <span class='ocrx_word' id='word_1_218' title='bbox 1426 3403 1462 3450; x_wconf 86' lang='lat' dir='ltr'>ac</span> 
     </span>
     <span class='ocr_line' id='line_1_29' title="bbox 328 3489 1463 3573; baseline 0 -19"><span class='ocrx_word' id='word_1_219' title='bbox 328 3489 372 3554; x_wconf 92' lang='lat' dir='ltr'>sic</span> <span class='ocrx_word' id='word_1_220' title='bbox 393 3489 460 3556; x_wconf 88' lang='lat' dir='ltr'>Noe</span> <span class='ocrx_word' id='word_1_221' title='bbox 489 3490 628 3572; x_wconf 89' lang='lat' dir='ltr'>periecta</span> <span class='ocrx_word' id='word_1_222' title='bbox 657 3490 776 3555; x_wconf 90' lang='lat' dir='ltr'>iustitia</span> <span class='ocrx_word' id='word_1_223' title='bbox 805 3493 993 3573; x_wconf 86' lang='lat' dir='ltr'>spontaneos</span> <span class='ocrx_word' id='word_1_224' title='bbox 1024 3491 1140 3555; x_wconf 89' lang='lat' dir='ltr'>saeculi</span> <span class='ocrx_word' id='word_1_225' title='bbox 1166 3491 1249 3555; x_wconf 91' lang='lat' dir='ltr'>illius</span> <span class='ocrx_word' id='word_1_226' title='bbox 1273 3495 1304 3555; x_wconf 91' lang='lat' dir='ltr'>et</span> <span class='ocrx_word' id='word_1_227' title='bbox 1326 3491 1463 3556; x_wconf 87' lang='lat' dir='ltr'>ostendit</span> 
     </span>
     <span class='ocr_line' id='line_1_30' title="bbox 329 3594 1461 3679; baseline 0.001 -22"><span class='ocrx_word' id='word_1_228' title='bbox 329 3598 360 3658; x_wconf 88' lang='lat' dir='ltr'>et</span> <span class='ocrx_word' id='word_1_229' title='bbox 389 3594 610 3659; x_wconf 86' lang='lat' dir='ltr'>condemnauit</span> <span class='ocrx_word' id='word_1_230' title='bbox 632 3611 761 3674; x_wconf 89' lang='lat' dir='ltr'>errores,</span> <span class='ocrx_word' id='word_1_231' title='bbox 792 3595 873 3659; x_wconf 88' lang='lat' dir='ltr'>sicut</span> <span class='ocrx_word' id='word_1_232' title='bbox 903 3595 1049 3678; x_wconf 89' lang='lat' dir='ltr'>legimus:</span> <span class='ocrx_word' id='word_1_233' title='bbox 1082 3594 1156 3659; x_wconf 85' lang='lat' dir='ltr'>fide</span> <span class='ocrx_word' id='word_1_234' title='bbox 1179 3594 1253 3659; x_wconf 90' lang='lat' dir='ltr'>Noe</span> <span class='ocrx_word' id='word_1_235' title='bbox 1282 3613 1461 3679; x_wconf 89' lang='lat' dir='ltr'>responso</span> 
     </span>
    </p>

    <p class='ocr_par' dir='ltr' id='par_1_4' title="bbox 277 3698 1462 3991">
     <span class='ocr_line' id='line_1_31' title="bbox 277 3698 1461 3783; baseline 0 -18"><span class='ocrx_word' id='word_1_236' title='bbox 277 3724 302 3765; x_wconf 80' lang='lat' dir='ltr'>so</span> <span class='ocrx_word' id='word_1_237' title='bbox 329 3703 483 3783; x_wconf 91' lang='lat' dir='ltr'>accepto</span> <span class='ocrx_word' id='word_1_238' title='bbox 506 3699 548 3763; x_wconf 92' lang='lat' dir='ltr'>de</span> <span class='ocrx_word' id='word_1_239' title='bbox 571 3698 642 3779; x_wconf 82' lang='lat' dir='ltr'>his,</span> <span class='ocrx_word' id='word_1_240' title='bbox 674 3717 765 3781; x_wconf 88' lang='lat' dir='ltr'>quae</span> <span class='ocrx_word' id='word_1_241' title='bbox 789 3699 906 3764; x_wconf 88' lang='lat' dir='ltr'>adhuc</span> <span class='ocrx_word' id='word_1_242' title='bbox 929 3717 999 3764; x_wconf 91' lang='lat' dir='ltr'>non</span> <span class='ocrx_word' id='word_1_243' title='bbox 1021 3699 1259 3780; x_wconf 86' lang='lat' dir='ltr'>uidebantur,</span> <span class='ocrx_word' id='word_1_244' title='bbox 1291 3702 1461 3765; x_wconf 89' lang='lat' dir='ltr'>metuens</span> 
     </span>
     <span class='ocr_line' id='line_1_32' title="bbox 329 3802 1462 3887; baseline 0.001 -20"><span class='ocrx_word' id='word_1_245' title='bbox 329 3803 475 3886; x_wconf 83' lang='lat' dir='ltr'>optauit</span> <span class='ocrx_word' id='word_1_246' title='bbox 497 3819 618 3867; x_wconf 86' lang='lat' dir='ltr'>arcam</span> <span class='ocrx_word' id='word_1_247' title='bbox 640 3802 677 3866; x_wconf 94' lang='lat' dir='ltr'>in</span> <span class='ocrx_word' id='word_1_248' title='bbox 701 3803 862 3866; x_wconf 87' lang='lat' dir='ltr'>salutem</span> <span class='ocrx_word' id='word_1_249' title='bbox 882 3803 1009 3867; x_wconf 89' lang='lat' dir='ltr'>domus</span> <span class='ocrx_word' id='word_1_250' title='bbox 1030 3820 1126 3868; x_wconf 91' lang='lat' dir='ltr'>suae.</span> <span class='ocrx_word' id='word_1_251' title='bbox 1154 3822 1217 3887; x_wconf 92' lang='lat' dir='ltr'>per</span> <span class='ocrx_word' id='word_1_252' title='bbox 1236 3821 1343 3886; x_wconf 86' lang='lat' dir='ltr'>quam</span> <span class='ocrx_word' id='word_1_253' title='bbox 1364 3803 1462 3868; x_wconf 91' lang='lat' dir='ltr'>dam-</span> 
     </span>
     <span class='ocr_line' id='line_1_33' title="bbox 329 3907 1462 3991; baseline 0.001 -20"><span class='ocrx_word' id='word_1_254' title='bbox 329 3907 434 3972; x_wconf 87' lang='lat' dir='ltr'>nauit</span> <span class='ocrx_word' id='word_1_255' title='bbox 461 3907 635 3971; x_wconf 91' lang='lat' dir='ltr'>mundum</span> <span class='ocrx_word' id='word_1_256' title='bbox 659 3909 696 3970; x_wconf 89' lang='lat' dir='ltr'>et</span> <span class='ocrx_word' id='word_1_257' title='bbox 717 3907 901 3988; x_wconf 87' lang='lat' dir='ltr'>iustitiae,</span> <span class='ocrx_word' id='word_1_258' title='bbox 925 3924 1015 3990; x_wconf 89' lang='lat' dir='ltr'>quae</span> <span class='ocrx_word' id='word_1_259' title='bbox 1038 3925 1101 3991; x_wconf 93' lang='lat' dir='ltr'>per</span> <span class='ocrx_word' id='word_1_260' title='bbox 1124 3907 1237 3971; x_wconf 85' lang='lat' dir='ltr'>iidem</span> <span class='ocrx_word' id='word_1_261' title='bbox 1260 3911 1330 3988; x_wconf 89' lang='lat' dir='ltr'>eet,</span> <span class='ocrx_word' id='word_1_262' title='bbox 1353 3908 1462 3972; x_wconf 91' lang='lat' dir='ltr'>heres</span> 
     </span>
    </p>
   </div>
   <div class='ocr_carea' id='block_1_3' title="bbox 329 4010 1462 4162">
    <p class='ocr_par' dir='ltr' id='par_1_5' title="bbox 329 4010 1462 4162">
     <span class='ocr_line' id='line_1_34' title="bbox 329 4010 1462 4094; baseline 0.002 -20"><span class='ocrx_word' id='word_1_263' title='bbox 329 4015 386 4075; x_wconf 90' lang='lat' dir='ltr'>est</span> <span class='ocrx_word' id='word_1_264' title='bbox 414 4011 623 4076; x_wconf 83' lang='lat' dir='ltr'>institutus.</span> <span class='ocrx_word' id='word_1_265' title='bbox 671 4027 766 4092; x_wconf 90' lang='lat' dir='ltr'>quare</span> <span class='ocrx_word' id='word_1_266' title='bbox 801 4010 1019 4075; x_wconf 86' lang='lat' dir='ltr'>condemnauit</span> <span class='ocrx_word' id='word_1_267' title='bbox 1053 4011 1226 4076; x_wconf 81' lang='lat' dir='ltr'>mundum?</span> <span class='ocrx_word' id='word_1_268' title='bbox 1273 4012 1344 4094; x_wconf 87' lang='lat' dir='ltr'>quia</span> <span class='ocrx_word' id='word_1_269' title='bbox 1374 4013 1462 4094; x_wconf 91' lang='lat' dir='ltr'>sequi</span> 
     </span>
     <span class='ocr_line' id='line_1_35' title="bbox 1052 4131 1064 4162; baseline 0 -1"><span class='ocrx_word' id='word_1_270' title='bbox 1052 4131 1064 4162; x_wconf 59' lang='grc' dir='ltr'><strong>ι</strong></span> 
     </span>
    </p>
   </div>
   <div class='ocr_carea' id='block_1_4' title="bbox 432 4189 957 4260">
    <p class='ocr_par' dir='ltr' id='par_1_6' title="bbox 432 4189 957 4260">
     <span class='ocr_line' id='line_1_36' title="bbox 432 4189 957 4260; baseline -0.002 -13"><span class='ocrx_word' id='word_1_271' title='bbox 432 4191 458 4260; x_wconf 92' lang='lat' dir='ltr'>l]</span> <span class='ocrx_word' id='word_1_272' title='bbox 478 4191 546 4246; x_wconf 83' lang='lat' dir='ltr'>Rom</span> <span class='ocrx_word' id='word_1_273' title='bbox 566 4193 589 4256; x_wconf 90' lang='lat' dir='ltr'>l,</span> <span class='ocrx_word' id='word_1_274' title='bbox 603 4193 642 4248; x_wconf 88' lang='lat'>18.</span> <span class='ocrx_word' id='word_1_275' title='bbox 715 4191 760 4260; x_wconf 83' lang='lat'>29]</span> <span class='ocrx_word' id='word_1_276' title='bbox 779 4189 860 4245; x_wconf 90' lang='lat' dir='ltr'>Hebr.</span> <span class='ocrx_word' id='word_1_277' title='bbox 881 4193 920 4256; x_wconf 88' lang='lat'>11,</span> <span class='ocrx_word' id='word_1_278' title='bbox 933 4193 957 4248; x_wconf 78' lang='lat'>7.</span> 
     </span>
    </p>
   </div>
   <div class='ocr_carea' id='block_1_5' title="bbox 329 4313 1462 4498">
    <p class='ocr_par' dir='ltr' id='par_1_7' title="bbox 329 4313 1462 4498">
     <span class='ocr_line' id='line_1_37' title="bbox 372 4313 1462 4424; baseline -0.001 -13"><span class='ocrx_word' id='word_1_279' title='bbox 372 4313 537 4411; x_wconf 58' lang='lat' dir='ltr'>afferrem</span> <span class='ocrx_word' id='word_1_280' title='bbox 556 4357 584 4410; x_wconf 94' lang='lat' dir='ltr'><strong><em>P</em></strong></span> <span class='ocrx_word' id='word_1_281' title='bbox 639 4357 792 4423; x_wconf 73' lang='lat' dir='ltr'>iquoquae</span> <span class='ocrx_word' id='word_1_282' title='bbox 811 4357 838 4409; x_wconf 95' lang='lat' dir='ltr'><strong><em>P</em></strong></span> <span class='ocrx_word' id='word_1_283' title='bbox 893 4358 923 4411; x_wconf 86' lang='lat'>21</span> <span class='ocrx_word' id='word_1_284' title='bbox 941 4321 1074 4410; x_wconf 69' lang='lat' dir='ltr'>&#39;t&#39;rrnseous</span> <span class='ocrx_word' id='word_1_285' title='bbox 1093 4356 1121 4411; x_wconf 90' lang='lat' dir='ltr'><strong><em>P</em></strong></span> <span class='ocrx_word' id='word_1_286' title='bbox 1175 4359 1208 4412; x_wconf 79' lang='lat'>24</span> <span class='ocrx_word' id='word_1_287' title='bbox 1226 4371 1312 4424; x_wconf 84' lang='lat' dir='ltr'>quoe</span> <span class='ocrx_word' id='word_1_288' title='bbox 1368 4359 1401 4412; x_wconf 75' lang='lat'>2?</span> <span class='ocrx_word' id='word_1_289' title='bbox 1421 4373 1462 4410; x_wconf 83' lang='lat' dir='ltr'>as·</span> 
     </span>
     <span class='ocr_line' id='line_1_38' title="bbox 329 4441 687 4498; baseline 0.006 -4"><span class='ocrx_word' id='word_1_290' title='bbox 329 4443 425 4495; x_wconf 80' lang='lat' dir='ltr'>sarmit</span> <span class='ocrx_word' id='word_1_291' title='bbox 443 4443 470 4496; x_wconf 91' lang='lat' dir='ltr'><strong><em>P</em></strong></span> <span class='ocrx_word' id='word_1_292' title='bbox 520 4445 554 4498; x_wconf 80' lang='lat'>32</span> <span class='ocrx_word' id='word_1_293' title='bbox 571 4441 641 4496; x_wconf 87' lang='lat' dir='ltr'>heris</span> <span class='ocrx_word' id='word_1_294' title='bbox 659 4443 687 4496; x_wconf 94' lang='lat' dir='ltr'><strong><em>P</em></strong></span> 
     </span>
    </p>
   </div>
   <div class='ocr_carea' id='block_1_6' title="bbox 0 0 1638 5134">
    <p class='ocr_par' dir='ltr' id='par_1_8' title="bbox 0 0 1638 5134">
     <span class='ocr_line' id='line_1_39' title="bbox 0 0 1638 5134; baseline 0 0"><span class='ocrx_word' id='word_1_295' title='bbox 0 0 1638 5134; x_wconf 95' lang='lat' dir='ltr'> </span> 
     </span>
    </p>
   </div>
  </div>
 </body>
</html>
