3264 5134
286 459 324 520 14
747 459 766 512 l.
787 458 829 511 Dc
848 459 957 526 guntin

282 635 392 717 coepit,
413 636 571 717 generatio
592 635 822 717 corruptionem
843 655 878 698 en
894 634 1140 718 transgressione
1161 635 1309 716 concepit.
1339 635 1419 698 inter

282 741 459 822 nuptiarum
489 758 602 802 irruuns
627 739 727 803 adhuc
751 739 782 803 iu
806 739 948 824 paradiso
976 757 994 802 a
1017 743 1155 802 creatore
1183 741 1419 802 concessumst

282 860 388 906 earum
412 863 514 924 usum,
538 844 590 925 qui
612 849 698 908 entra
712 845 893 927 paradisum
916 845 978 906 iam
1002 844 1136 924 sumpsit
1159 842 1325 920 exordium,
1348 860 1418 923 peo-

283 951 389 1011 eatum
412 949 442 1012 iu
468 949 568 1012 medio
597 948 664 1010 fuit.
684 991 687 996 Δ
711 949 791 1012 inter
819 948 1052 1031 generationem
1080 950 1112 1009 et
1138 945 1415 1028 concupiscentiam

243 1068 255 1106 ⁵
281 1052 430 1133 quidquid
458 1053 632 1134 praeceptio
656 1053 763 1116 diuina
786 1053 957 1130 coustituit,
985 1052 1042 1115 hoo
1065 1050 1166 1130 laudo,
1191 1050 1337 1131 quidquid
1360 1049 1418 1112 hu-

282 1174 376 1219 mana
401 1156 627 1238 praeuaricatio
655 1156 774 1236 adiecit,
803 1157 861 1220 hoo
887 1155 1026 1239 reprobo.
1073 1154 1226 1236 quomodo
1254 1155 1280 1217 si
1307 1154 1416 1236 aliquis

282 1263 347 1323 atro
363 1260 597 1341 inquinamento
617 1261 782 1325 candorem
805 1260 914 1324 niueae
938 1260 1034 1322 uestis
1058 1262 1212 1342 aspergat,
1235 1275 1296 1322 non
1313 1257 1418 1340 displi-

281 1368 330 1426 cet
350 1364 479 1444 lactura,
503 1365 558 1428 sed
574 1365 705 1428 macula.
730 1364 911 1429 uestimeuti
934 1382 996 1427 nou
1013 1363 1120 1427 amisit
1143 1382 1245 1442 usum,
1269 1362 1326 1425 etsi
1348 1380 1417 1445 per-

281 1469 357 1532 didit
392 1469 586 1551 dignitatem.
632 1469 737 1532 futura
767 1473 833 1532 orat
868 1468 1081 1533 indubitanter
1111 1471 1199 1532 casta
1233 1470 1263 1530 et
1297 1467 1418 1531 sincero

230 1590 254 1630 ro
280 1573 449 1655 generatio,
478 1573 504 1635 si
530 1591 591 1636 uon
619 1573 848 1637 intercessisset
874 1573 1000 1638 iniruiea
1027 1572 1242 1656 transgressio.
1289 1571 1342 1634 sed
1368 1569 1416 1634 in-

280 1677 453 1740 maculatos
482 1677 586 1741 thoros
614 1695 684 1742 earo
716 1677 925 1742 maledictioni
953 1677 1077 1742 addicta
1103 1676 1274 1741 maculauit
1305 1680 1336 1739 et
1361 1693 1415 1757 per

280 1781 443 1863 superbiae
460 1781 604 1862 spiritum
625 1782 796 1863 sirnplioenr
818 1782 953 1864 eorrupit
975 1783 1122 1846 affectum
1145 1785 1176 1846 et
1198 1781 1279 1844 sicut
1301 1781 1416 1844 inmor-

280 1885 410 1948 talitatis
426 1885 634 1968 prinilegium,
651 1887 696 1949 ita
711 1886 827 1949 donum
842 1886 976 1969 perdidit
990 1886 1144 1969 puritatis.
1169 1903 1231 1948 nou
1247 1885 1279 1948 in
1295 1884 1415 1965 querel-

280 1989 342 2052 lam
371 1993 499 2053 uocatur
527 1990 676 2073 nuptialis
704 1992 818 2072 gratia,
851 1991 905 2053 sed
933 1989 1085 2054 obscenae
1113 1989 1265 2072 passionis
1292 1987 1413 2051 iniuria.

229 2111 252 2148 1⁵
280 2111 341 2156 non
365 2112 474 2157 aurum
497 2094 529 2156 in
553 2095 677 2176 oulpam
700 2095 796 2174 uenit,
820 2095 875 2157 sed
898 2095 1045 2176 quidquid
1069 2112 1142 2158 euro
1165 2093 1276 2175 obryzo
1296 2093 1415 2156 adulte-

279 2198 382 2260 rinum
405 2198 490 2260 fraus
514 2198 686 2279 iniquitatis
707 2198 882 2278 admiscuit,
908 2199 987 2262 siout
1009 2199 1107 2282 ipsius
1127 2198 1247 2281 Pelagii
1270 2197 1413 2280 spiritum

280 2302 317 2364 ad
342 2302 469 2364 meliora
492 2302 595 2365 studia
618 2319 636 2364 a
658 2302 714 2366 deo
738 2303 897 2367 eonditum
922 2303 1115 2385 corruptions
1139 2303 1285 2385 pestifera
1307 2301 1414 2382 nequi-

279 2406 339 2468 tiae
363 2409 469 2468 auctor
493 2405 610 2469 intecit.

816 2581 874 2644 ΙΙΙ.

225 2719 250 2758 2⁰
277 2724 398 2766 CONTRA
421 2723 492 2783 1100,
513 2724 597 2772 QUOD
618 2725 743 2782 DICUNT,
768 2725 842 2772 Quia
863 2725 923 2764 PER
943 2723 1045 2764 SOLAM
1061 2723 1201 2765 nudulum
1217 2722 1310 2764 OMNIS
1326 2723 1412 2764 HOMO

587 2813 656 2854 SINE
680 2812 759 2854 ULLO
782 2811 905 2852 LABORE
929 2810 1102 2852 sandonus.

319 2927 410 2991 Nunc
437 2929 624 2992 ueniendum
654 2933 702 2992 est
729 2929 768 2992 ad
797 2929 876 3008 illos,
904 2929 967 3009 qui,
995 2928 1068 2992 dum
1092 2929 1225 3012 gratiam
1253 2927 1322 2992 aliis
1345 2925 1410 2989 dari

277 3033 343 3095 aliis
367 3033 474 3115 negari
498 3039 650 3112 asserunt,
679 3052 793 3096 munus
816 3033 935 3115 gratiae
959 3051 1030 3095 cum
1054 3033 1179 3115 Pelagio
1203 3031 1409 3114 perdiderunt.

276 3136 384 3199 rliouut
400 3155 472 3219 ergo
489 3138 528 3200 ad
545 3137 664 3200 cultum
681 3137 730 3200 dei
751 3141 844 3217 atquo
861 3137 1047 3200 famulatum
1064 3137 1157 3200 etiam
1177 3140 1248 3219 post
1263 3134 1409 3218 baptismi

224 3255 249 3294 2⁵
277 3241 411 3304 salutare
429 3241 544 3304 donum
561 3242 691 3305 denotae
711 3241 870 3304 seruitutis
887 3241 1113 3305 oboedientiam
1134 3259 1195 3304 nou
1211 3239 1335 3321 requiri,
1356 3240 1409 3302 sed

276 3345 374 3408 solam
398 3365 452 3427 per
467 3365 501 3409 se
520 3346 652 3429 gratiam
674 3345 819 3409 effoetum
840 3345 996 3410 humanae
1013 3345 1122 3410 salutis
1139 3345 1266 3428 operari.
1298 3347 1409 3421 toturn,

275 3449 428 3529 inquiunt,
453 3450 547 3512 solius
571 3455 619 3512 est
641 3450 767 3531 gratiae.
807 3449 892 3513 istud
915 3450 1026 3512 melius
1050 3448 1180 3512 anobis
1203 3448 1318 3532 poterit
1340 3447 1409 3526 diei,

275 3551 334 3616 hoo
365 3553 464 3636 magis
499 3555 612 3617 uostris
642 3553 784 3636 partibus
815 3553 980 3618 conueniet
1009 3553 1172 3636 adplicari,
1203 3553 1256 3634 qui
1286 3570 1347 3616 non
1377 3553 1409 3615 in

274 3661 405 3738 partem,
433 3657 487 3719 sed
514 3656 545 3720 in
570 3661 671 3720 totum
699 3677 797 3740 genus
821 3659 994 3721 humanum
1017 3657 1136 3739 gratiae
1159 3655 1309 3719 beneficia
1330 3657 1410 3718 fate·

222 3775 248 3815 so
275 3777 344 3823 mur
360 3760 493 3840 extendi,
517 3761 561 3824 sio
585 3765 700 3842 tamen,
724 3767 758 3825 ut
778 3763 805 3825 ei
821 3761 1002 3844 uigilantiae
1021 3762 1176 3825 humanae
1197 3760 1333 3824 studium
1355 3779 1410 3840 per

318 3967 565 4037 loorruptiouiso
635 3969 759 4038 eoepitv
828 3967 977 4023 interimo
1046 3971 1188 4023 dususv
1256 3967 1302 4034 qui
1324 3985 1410 4022 onan

274 4059 405 4122 oquomo
424 4057 463 4109 P¹
523 4055 633 4110 'lniuao
653 4058 679 4110 P
734 4059 859 4124 aspergat
878 4057 905 4109 P
960 4054 1078 4124 displioit
1097 4056 1124 4109 P
1179 4053 1366 4110 8ncstimenti
1385 4073 1409 4120 u,

275 4142 434 4195 uestimenta
447 4144 479 4210 P,
498 4161 536 4196 ou
548 4143 738 4196 uestimentum
750 4143 941 4199 scribendum?
991 4145 1020 4198 ll
1035 4159 1173 4211 peronen
1222 4145 1253 4196 12
1272 4141 1409 4209 spiritusv

274 4228 383 4297 corripit
402 4229 428 4282 P
481 4231 512 4283 13
531 4228 671 4299 querillam
691 4230 718 4283 P
771 4232 801 4284 14
821 4227 931 4282 obsceno
950 4231 977 4282 P
1035 4234 1065 4284 15
1084 4228 1171 4281 obrizo
1190 4229 1217 4282 P
1277 4231 1307 4282 16
1325 4227 1408 4295 ipsius

273 4333 353 4370 omo
410 4317 444 4370 22
463 4314 525 4367 dure
544 4317 571 4368 P
627 4317 660 4371 24
679 4314 763 4382 adque
782 4317 823 4369 P¹
884 4319 918 4370 25
937 4315 1114 4369 obedientiam
1133 4316 1160 4368 P
1219 4317 1253 4370 26
1271 4330 1349 4383 opera
1368 4314 1408 4367 Ρ1

273 4404 305 4456 27
325 4401 396 4454 solus
416 4403 455 4454 P¹
510 4405 543 4456 28
562 4402 702 4454 corrrienict
719 4403 825 4470 scripsi,
844 4403 969 4456 conuenit
988 4404 1015 4456 P

1612 1500 1617 1601 t
