3264 5134
663 504 760 558 Liber
777 505 807 559 H
827 509 848 561 1.
1281 501 1323 568 59

184 681 270 746 uitus
293 699 313 745 a
335 681 460 746 domiuo
479 681 574 746 fuerit
591 681 766 746 induratus.
804 682 832 746 si
850 681 969 760 uolens,
993 682 1052 764 ipsi
1071 681 1178 763 utique
1198 681 1323 764 culpam

183 785 398 851 obdurationis
426 785 583 870 adsignas,
611 785 638 850 si
665 803 739 850 uero
765 785 892 866 inuitus,
924 785 1121 868 iniquitatem
1149 784 1199 849 dei
1225 784 1323 849 obdu·

183 891 285 956 rantis
305 907 443 956 accusas.
483 908 561 972 quae
582 891 664 954 enim
685 890 805 956 iustitia
827 894 903 972 erat,
926 891 962 971 si,
986 908 1079 972 quem
1101 890 1168 974 ipso
1191 889 1324 954 obdura·

183 999 285 1076 uerat
308 995 376 1078 ipse
395 995 542 1077 puniret?
576 1013 648 1059 cum
669 1013 742 1059 uero
766 995 911 1060 dominus
933 995 1001 1078 ipso
1024 994 1063 1059 ad
1085 1012 1158 1060 eum
1179 995 1323 1077 loquatur

184 1105 217 1164 ct
251 1099 346 1164 dicat:
381 1117 443 1163 cur
477 1116 548 1162 nou
582 1099 640 1163 uis
675 1099 866 1163 dimittere
900 1100 1075 1190 populum
1107 1117 1226 1164 meum
1263 1099 1324 1162 uel
1363 1124 1376 1164 a

183 1221 381 1286 usquequo
401 1220 472 1268 uon
493 1203 550 1268 uis
571 1202 691 1268 subici
707 1202 819 1268 mihi?
843 1221 914 1268 ecce
933 1201 988 1268 ubi
1004 1203 1119 1268 diuinis
1135 1203 1323 1268 testimoniis

181 1307 316 1373 hberam
331 1307 429 1372 fuisse
444 1308 477 1372 in
493 1306 656 1372 Pharaone
671 1307 871 1392 agnoscimus
887 1308 1092 1372 uoluntatem.
1126 1307 1186 1372 hac
1205 1307 1324 1372 ratione

182 1412 393 1492 Pharaonem,
417 1411 493 1476 dicit
513 1411 667 1492 dominus,
687 1411 856 1493 obdurabo,
877 1412 953 1476 dum
973 1430 1045 1476 eum
1065 1411 1144 1476 mihi
1163 1411 1196 1476 in
1216 1412 1324 1476 decem

182 1517 298 1600 plagis,
329 1534 406 1598 quas
438 1533 457 1580 a
485 1515 594 1599 Moyse
624 1519 769 1582 exoratus
800 1534 956 1598 remoneo,
986 1516 1150 1582 insultem
1166 1515 1323 1600 permitto.

184 1637 267 1704 ego,
290 1620 403 1702 inquit,
426 1619 615 1684 obdurabo
639 1638 699 1685 cor
721 1620 937 1685 Pharaouin
977 1622 1021 1684 sic
1046 1621 1206 1686 interdum
1232 1619 1324 1684 sami-
1351 1645 1377 1688 ro

182 1724 304 1790 liariter
332 1724 427 1788 ctiam
455 1725 536 1807 apud
563 1724 707 1789 homiues
733 1733 833 1809 genus
860 1725 953 1790 huius
981 1723 1164 1790 elocutionis
1187 1723 1325 1788 adsumi·
1390 1805 1399 1810 q

183 1847 269 1909 mus,
292 1829 338 1892 sic
357 1828 514 1893 interdum
535 1829 769 1894 contumacibus
790 1829 916 1894 famulis
937 1828 1158 1912 exprobramus
1178 1845 1325 1893 mansue·

183 1933 329 1999 tudinem
344 1936 484 1997 nostram
500 1933 544 1997 ite
563 1933 716 1998 dicentes:
740 1951 797 2017 ego
816 1933 967 2015 patientia
986 1951 1057 1998 mea
1076 1933 1248 2016 pessimum
1266 1931 1325 2018 (te)

183 2039 255 2118 leci,
279 2056 336 2122 ego
359 2037 542 2102 remissione
565 2054 636 2120 mea
658 2037 814 2102 malitiam
833 2041 921 2102 tuam
941 2037 1181 2120 superbiamque
1196 2037 1324 2118 nutriui,

183 2160 245 2226 ego
267 2145 299 2212 te
321 2145 538 2207 contumacem
553 2141 750 2226 indulgentia
763 2160 835 2206 mea
848 2141 977 2223 reddidi,
1000 2160 1057 2227 ego
1077 2141 1324 2208 dissimulatione
1352 2167 1377 2208 a

183 2264 260 2310 mea
287 2249 467 2326 cortuum,
498 2249 533 2310 ut
559 2249 668 2310 contra
694 2265 745 2310 me
772 2245 986 2328 obduraretur,
1014 2246 1160 2312 animam.
1206 2250 1237 2310 et
1265 2247 1325 2312 hoc

184 2350 290 2431 modo,
305 2350 387 2432 quod
403 2350 436 2414 iu
452 2349 592 2416 bonitate
607 2350 724 2416 domini
740 2351 866 2415 uirtutis
886 2355 933 2416 est
948 2351 1172 2432 testimonium,
1192 2351 1225 2415 in
1241 2350 1324 2416 serui

182 2453 375 2538 inprobitate
398 2453 433 2518 lit
455 2455 578 2520 uitium.

229 2557 286 2622 Ait
308 2561 416 2622 autem
439 2576 542 2624 sermo
570 2559 709 2624 diuinus:
741 2559 947 2642 uidensque
970 2559 1113 2625 Pharao
1144 2578 1199 2642 eo,
1229 2559 1324 2643 quod

183 2665 273 2728 data
293 2665 395 2728 esset
413 2663 579 2745 requies,
600 2663 821 2748 ingrauauit
840 2682 901 2729 cor
917 2683 1032 2729 suum.
1069 2664 1324 2730 manifestissime
1350 2689 1376 2730 ro

182 2768 245 2832 hoc
275 2767 342 2831 loco
368 2767 490 2832 indulta
510 2767 634 2850 requies
657 2786 709 2834 cor
731 2768 903 2834 Pharaonis
930 2769 1092 2834 indurasse
1113 2768 1323 2852 perscribitur.

183 2873 245 2936 hoo
269 2871 364 2951 euim,
392 2871 473 2953 quod
497 2871 585 2936 dicit:
616 2870 818 2937 obdurabit
839 2891 900 2938 cor
923 2891 1043 2954 suum,
1073 2890 1136 2938 nou
1163 2874 1325 2956 passiuum

183 2975 319 3042 uerbum
343 2979 400 3057 est,
425 2977 479 3041 sed
502 2976 650 3042 actiuum.
689 2977 738 3042 uis
761 2977 851 3059 scire,
879 2977 953 3060 quia
979 2978 1085 3043 diuina
1111 2977 1325 3043 moderatione

183 3079 226 3146 ob
254 3097 381 3146 causam
409 3081 572 3146 induratae
600 3081 716 3146 mentis
744 3085 910 3164 operatur?
947 3083 1033 3148 idem
1057 3083 1124 3168 ipse
1146 3081 1269 3148 Pharao
1291 3083 1324 3146 in

184 3184 295 3250 decem
320 3185 422 3268 plagis
449 3185 569 3268 positus
591 3203 663 3250 cum
690 3189 913 3270 percuteretur,
941 3187 1153 3271 mitigabatur,
1180 3205 1252 3251 cum
1279 3187 1325 3252 la·
1351 3213 1377 3254 ru

183 3293 326 3368 ametur,
354 3289 587 3372 ingrauebatur.
635 3307 671 3354 ac
698 3290 743 3354 sic
769 3291 901 3374 impium
929 3290 1036 3356 diuina
1059 3290 1209 3356 seueritas
1236 3291 1325 3356 incli-

185 3392 294 3474 nabat,
317 3392 441 3458 bonitae
465 3393 648 3474 obdurabat,
672 3397 712 3474 et,
737 3398 773 3459 ut
796 3413 829 3460 se
853 3413 922 3459 esse
944 3395 1033 3460 liberi
1056 3395 1175 3460 arbitrii
1196 3395 1325 3460 demon-

184 3501 309 3577 straret,
330 3499 503 3582 castigante
524 3497 581 3562 deo
601 3498 751 3581 populum
772 3498 960 3580 dimittebat,
979 3502 1127 3583 parcente
1144 3498 1323 3565 reuocabat.

183 3602 337 3686 perspice,
360 3601 514 3684 quomodo
537 3601 688 3667 rebellem
711 3602 858 3686 spiritum
880 3604 1024 3668 caelestis
1047 3603 1158 3669 lenitas
1182 3603 1322 3668 obdurat.

291 3773 320 3843 5]
338 3772 420 3828 Exod.
436 3775 476 3838 10,
489 3776 513 3829 3.
568 3773 613 3843 10]
631 3773 711 3828 Exod.
725 3777 750 3838 4,
762 3776 803 3831 21.
860 3775 904 3844 19]
923 3775 1002 3830 Excd.
1017 3779 1041 3840 8,
1056 3777 1095 3832 15.

230 3929 374 3998 latiquao
393 3929 420 3984 P
470 3929 590 3999 3enim]
608 3929 723 3986 etiamo
776 3932 918 4000 bquurP
970 3934 1155 4001 duaquaeqno
1172 3932 1200 3987 P
1250 3931 1324 3987 lfa-

183 4033 265 4082 raona
285 4015 312 4070 P
380 4017 551 4072 Slaraonam
575 4017 602 4071 P
670 4016 755 4071 decim
774 4017 801 4072 P
870 4019 994 4088 9moysi
1012 4019 1040 4074 P
1110 4021 1142 4076 10
1164 4018 1281 4074 faraonis
1299 4021 1326 4075 P

185 4107 216 4160 11
237 4119 322 4172 geum
340 4121 427 4159 omo
490 4101 659 4173 elocutionis]
678 4104 734 4158 uim
752 4105 852 4161 oddo
917 4107 949 4161 13
967 4107 993 4159 te
1011 4105 1118 4175 addidi,
1137 4125 1188 4163 om.
1207 4107 1241 4176 P,
1260 4113 1324 4177 post

184 4205 245 4245 msa
262 4189 362 4246 oddo
416 4193 447 4246 14
467 4189 685 4260 superbiamquao
704 4191 732 4246 P
785 4194 816 4248 16
834 4189 1014 4250 obdureturo
1066 4193 1194 4249 ameuiP
1246 4195 1277 4249 17
1296 4194 1324 4247 in

184 4295 272 4334 om
343 4277 461 4331 uirtutus
485 4278 521 4332 P¹
594 4281 626 4334 19
648 4276 802 4348 uideusqulle
825 4279 853 4334 P
921 4277 995 4334 farao
1017 4281 1045 4335 P
1111 4283 1144 4336 al
1165 4279 1280 4356 faraonis
1298 4281 1326 4336 P

183 4367 219 4420 23
238 4361 349 4418 uerbum
368 4383 455 4421 omo
508 4366 541 4420 24
559 4379 590 4418 oc
609 4381 715 4420 causam
733 4365 761 4420 P
812 4365 885 4420 farao
904 4367 931 4420 P
981 4369 1015 4424 25
1033 4365 1119 4421 decim
1138 4367 1166 4421 P
1216 4370 1250 4424 26
1268 4367 1324 4422 aio

183 4453 219 4508 29
238 4467 361 4520 peropaca
380 4451 415 4505 Ρ1
