3320 5140
682 483 777 538 Liber
795 485 809 538 1
829 489 850 541 l.
1316 493 1333 554 7

197 655 331 738 quisque
359 659 526 738 eognoscat
558 658 657 722 multo
684 659 769 723 aliud
797 679 865 724 esse
893 662 1022 726 salutari
1048 665 1167 747 gratiae
1198 665 1335 730 officinm
1429 744 1431 750 ¹

197 759 314 824 laboris
338 759 516 844 adiungere,
539 762 622 826 aliud
645 781 718 828 uero
743 765 860 828 nudum
884 765 1000 848 absque
1024 769 1193 850 patrocinio
1216 771 1336 852 gratiae

197 865 337 929 laborem
361 865 539 930 temeritate
562 884 625 930 una
648 868 747 932 cordis
770 887 916 933 asserere.

241 968 302 1032 Hic
326 987 399 1052 ergo
422 969 497 1033 dum
521 971 614 1034 altius
637 972 808 1036 humanam
832 974 1034 1057 fragilitatem
1062 975 1215 1041 inmemor
1239 978 1337 1041 diuini

199 1073 320 1138 timoris
344 1074 474 1153 extollit,
501 1074 607 1139 iudicii
630 1077 678 1139 sui
700 1077 834 1159 perdidit
857 1079 1021 1143 sanitatem
1044 1077 1103 1165 <et>
1125 1082 1169 1144 ita
1192 1101 1227 1145 er
1250 1086 1337 1166 parte
1377 1101 1390 1138 ⁵

199 1178 261 1242 alia
283 1177 404 1258 cecidit,
429 1178 503 1241 dum
527 1177 646 1244 arbitrii
672 1180 851 1246 libertatem
874 1183 1028 1266 integram
1051 1185 1211 1266 praedicat
1238 1191 1269 1250 et
1291 1186 1339 1250 in-

198 1283 328 1362 laesam,
356 1281 437 1346 sicut
459 1283 515 1362 illi,
539 1285 592 1365 qui
616 1302 683 1348 earn
709 1305 744 1348 ex
767 1290 831 1350 toto
855 1292 1000 1351 asserunt
1022 1289 1119 1352 fuisse
1142 1293 1336 1354 euacuatam.

199 1387 258 1451 hoc
285 1387 390 1468 itaque
412 1387 479 1451 loco
507 1388 625 1470 gemini
647 1389 729 1454 inter
756 1409 788 1454 se
812 1391 1028 1456 conlectantur
1052 1409 1179 1472 errores
1207 1412 1338 1475 quorum

200 1510 279 1554 unus
296 1491 397 1554 solam
412 1492 556 1576 gratiam,
580 1493 658 1557 alter
682 1495 782 1558 solum
806 1493 945 1559 laborem
968 1496 1076 1560 relicto
1100 1497 1226 1562 tramite
1247 1501 1339 1581 atque

199 1614 348 1660 mensura
371 1595 510 1660 ueritatis
533 1597 680 1662 insinuat.
717 1603 871 1663 sectarum
895 1619 1009 1683 genere
1032 1601 1181 1684 dispares,
1210 1603 1264 1665 sed
1292 1603 1339 1666 in·
1367 1621 1391 1658 1⁰

199 1701 316 1781 pietate
345 1699 523 1764 consimiles
560 1701 681 1766 diuerso
697 1702 834 1783 'quidem
864 1704 980 1784 studio,
1012 1705 1065 1768 sed
1101 1705 1212 1787 spiritu
1248 1697 1346 1770 unius¹

202 1804 354 1887 serpentis
379 1802 547 1868 insibilant.
588 1823 834 1887 quorumnam,
863 1807 894 1870 id
919 1811 967 1872 est
990 1808 1086 1872 solius
1109 1809 1228 1892 gratiae
1251 1829 1340 1892 prae-

200 1909 317 1973 dicator
339 1907 581 1990 primoquidem
605 1911 706 1974 fronte
723 1929 881 1975 uenenum
897 1931 990 1976 suurn
1013 1912 1071 1977 sub
1088 1914 1192 1996 specie
1215 1914 1339 1997 pietatis

200 2013 346 2092 occultat,
370 2012 458 2092 alter,
482 2013 578 2078 idest
599 2015 713 2079 laboris
731 2019 866 2080 assertor
888 2017 1029 2100 protinus
1054 2021 1213 2096 extantem
1238 2022 1340 2083 tumo-

199 2139 264 2184 rem
298 2121 430 2204 inproba
459 2118 590 2183 clatione
622 2121 811 2184 manifestat.
857 2121 935 2184 haec
968 2121 1118 2204 professio
1152 2123 1339 2188 insinuando
1367 2141 1392 2179 rs

199 2226 301 2290 solum
325 2225 464 2290 laborem
487 2225 555 2308 ipso
579 2224 627 2287 sui
649 2224 740 2289 titulo
764 2225 958 2306 detestanda,
986 2226 1041 2290 illa
1063 2227 1163 2310 magis
1187 2226 1245 2290 sub
1268 2228 1341 2291 reli-

198 2330 285 2412 gioso
309 2330 411 2394 colore
435 2329 604 2393 metuenda
628 2333 685 2392 est.
723 2331 799 2392 haee
822 2329 1019 2413 sacrilegium
1043 2349 1135 2394 suurn
1158 2330 1234 2413 ipsis
1258 2332 1340 2395 auri·

199 2433 257 2498 bus
285 2434 403 2516 prodit,
431 2434 486 2498 illa
512 2433 598 2498 uirus
626 2452 718 2498 suurn
744 2434 817 2498 imis
846 2433 1017 2498 uisceribus
1045 2453 1144 2517 paene
1172 2437 1339 2517 antequam

198 2539 353 2602 sentiatur
383 2537 529 2602 infundit.
576 2538 652 2602 duos
680 2543 847 2622 angustum
876 2538 1018 2602 obsidere
1050 2540 1164 2602 fretum
1194 2540 1338 2622 scopulos

198 2646 301 2726 putes⁷
325 2661 456 2724 qnorum
473 2661 554 2706 uuus
571 2642 814 2725 subdeprimitur
829 2643 862 2706 in
878 2643 1077 2726 profundum,
1101 2643 1181 2706 alter
1201 2643 1340 2707 minatur
1366 2660 1392 2698 so

199 2747 231 2810 in
258 2747 391 2810 caelum.
438 2765 518 2810 unns
547 2747 679 2810 infestus
709 2745 931 2830 nauigantibus
960 2746 1111 2826 cernitur,
1143 2747 1221 2810 alter
1248 2765 1341 2811 caeca

198 2851 364 2933 naufragia
387 2850 564 2932 inprouisus
588 2853 741 2933 operatur.
777 2851 829 2914 ille
853 2851 987 2933 gratiam
1010 2851 1157 2930 loquitur,
1180 2850 1231 2913 hie
1253 2850 1340 2915 labo·

198 2974 276 3018 rem.
308 2958 476 3036 utrumque
493 2954 616 3036 eloquia
637 2955 743 3018 diuina
762 2953 956 3018 confirmant.
988 2955 1015 3018 si
1030 2953 1215 3018 dissidentes
1239 2973 1340 3018 remo-

198 3077 274 3122 ueas
298 3061 329 3122 et
351 3058 435 3122 dicta
457 3057 643 3141 coniungas
671 3059 765 3139 plena
787 3057 859 3122 fidei
882 3058 1043 3122 sinceritas
1067 3057 1239 3140 apparebit.
1285 3059 1340 3122 sed

197 3163 273 3244 quia
301 3163 390 3226 uelut
419 3161 576 3226 temerarii
604 3162 738 3245 remiges
766 3162 833 3226 sine
861 3163 1010 3245 magistro
1041 3162 1232 3245 inexplorato
1261 3166 1339 3227 mari
1366 3179 1391 3220 11

197 3267 271 3330 uela
297 3267 487 3330 conmittunt
513 3285 549 3330 ac
577 3271 749 3350 temperare
773 3267 986 3330 moderamina
1009 3267 1152 3330 nesciunt
1176 3271 1206 3330 et
1226 3267 1340 3350 guber-

199 3371 312 3436 nacula
335 3375 468 3436 tractare
492 3391 553 3436 uon
577 3376 701 3452 norunt,
725 3373 776 3436 hic
793 3375 953 3453 tamqnam
977 3372 1008 3434 iu
1025 3369 1145 3453 Scyllae
1170 3373 1250 3436 male
1267 3372 1339 3435 der-

199 3481 283 3540 lrum
300 3475 398 3540 fertur
413 3476 574 3560 periclum,
596 3475 649 3540 ille
666 3477 697 3540 iu
713 3476 839 3540 laeuum
856 3475 1028 3559 Charybdis
1043 3475 1143 3539 tendit
1160 3475 1338 3558 abruptum.

199 3579 333 3664 etquid
361 3597 412 3646 eos
440 3580 520 3644 inter
551 3580 628 3644 haee
655 3581 756 3644 lacere
784 3583 940 3663 oporteat,
970 3580 996 3642 si
1022 3579 1182 3661 requiras:
1214 3580 1338 3661 prouiso

246 3796 404 3866 lquisquae
423 3797 451 3850 P
501 3795 725 3852 31111111111
777 3799 839 3850 bet
850 3795 957 3862 addidi,
974 3813 1024 3850 om.
1039 3794 1066 3848 P
1117 3796 1292 3849 luaoualarn
1305 3796 1338 3864 P,

198 3909 247 3964 sed
269 3911 402 3980 ofipapp.
422 3914 505 3976 111.
524 3915 565 3978 18,
583 3913 625 3964 22.
646 3913 720 3978 aad
790 3907 913 3964 osorem
932 3909 972 3962 P¹
1038 3907 1140 3975 adquae
1159 3909 1186 3960 P
1245 3910 1339 3965 16111-

199 3995 296 4064 ligiosa
324 3997 353 4050 P
427 3999 457 4051 17
488 3997 564 4066 ipsis]
595 3996 649 4050 suis
679 3997 743 4051 odd.
770 4015 785 4051 o
857 3999 889 4051 19
919 3993 1043 4048 obsedere
1074 3996 1101 4048 P
1167 3993 1286 4062 scopulos
1314 3997 1341 4050 P

198 4085 235 4137 20
252 4081 367 4152 predum
386 4083 425 4136 Ρ1
491 4085 525 4138 23
548 4087 707 4151 utrumquae
730 4085 757 4138 B
822 4081 985 4136 dissedeutes
1005 4083 1032 4135 Ρ
1094 4085 1127 4136 25
1150 4081 1279 4134 timererii
1299 4083 1338 4136 1³¹

199 4171 235 4224 26
257 4173 377 4238 tempora
401 4186 427 4222 rc
451 4171 478 4224 P
539 4171 622 4224 mbo
649 4173 676 4222 et
698 4168 879 4238 gubernacula
901 4171 1016 4222 tractare
1041 4183 1092 4221 non
1117 4171 1216 4220 norunt
1237 4169 1338 4238 ploren-

200 4257 255 4310 tori
283 4256 468 4311 11111αά11111
499 4273 529 4309 ao
562 4259 709 4325 temperare
742 4255 923 4309 moderamina
959 4255 1082 4309 nesciunt
1116 4256 1266 4323 acpliocntr'
1295 4255 1339 4310 do·

200 4343 257 4398 tert
278 4343 409 4398 clamosa
478 4344 511 4398 27
531 4353 628 4398 nonulli
643 4344 676 4410 P,
700 4345 763 4397 runt
784 4361 914 4413 ouperecr.
939 4361 1010 4398 man.
1030 4343 1076 4398 alt.
1148 4344 1182 4398 28
1204 4340 1293 4394 leuem
1314 4343 1341 4396 P

201 4429 336 4484 charibdis
356 4431 383 4486 P
