3222 5144
270 1113 322 1231 l.
356 1113 579 1234 Sermones
610 1112 756 1234 oodioe
785 1113 1035 1234 Dnrlooensi
1065 1121 1235 1234 seruati.

743 1368 769 1434 1.

309 1529 412 1572 SERHO
435 1531 467 1570 lu
488 1529 681 1572 NATIUITA'I'E
703 1529 815 1572 DOMINI
836 1527 949 1572 mosum
972 1530 1043 1572 IRSU
1066 1529 1198 1574 CHRISTI.

228 1667 375 1783 Propino
397 1699 572 1780 diuinitate,
600 1699 712 1765 fratres
735 1699 940 1782 dileotnssrmr‚
966 1717 1031 1764 ram
1056 1719 1152 1784 prope
1175 1705 1223 1766 est
1245 1701 1322 1784 dies,

183 1805 218 1869 iu
250 1823 314 1888 qua
342 1804 482 1870 natalem
512 1805 630 1870 domiui
664 1804 829 1870 saluatoris
860 1805 1073 1870 desideramus
1104 1824 1176 1870 oum
1209 1806 1322 1890 gaudio
1362 1833 1375 1872 s

183 1908 351 1974 celebrare.
397 1913 430 1974 ot
455 1909 523 1974 ideo
546 1927 621 1994 rogo
643 1911 676 1974 et
706 1910 867 1990 admoneo,
898 1909 931 1974 in
962 1913 1114 1992 quantum
1144 1901 1322 1994 possumus,

184 2031 258 2080 oum
286 2014 336 2079 dei
364 2014 519 2078 adiutorio
545 2013 739 2094 laboremne,
770 2017 805 2078 ut
831 2013 863 2078 iu
889 2013 945 2078 illa
970 2013 1019 2078 die
1046 2032 1117 2078 oum
1145 2015 1266 2080 sincera
1292 2019 1324 2079 et

184 2137 264 2202 pura
287 2119 487 2199 conscientia,
514 2117 632 2183 mundo
655 2117 746 2182 eorde
774 2121 807 2182 el
829 2121 915 2182 sesto
939 2135 1064 2200 eorpore
1087 2118 1126 2182 ad
1150 2119 1247 2184 altare
1270 2119 1324 2183 do·
1366 2153 1368 2160 >

185 2223 265 2288 ruini
288 2221 445 2306 possimus
468 2222 615 2286 aooedere
642 2225 674 2286 et
695 2240 806 2304 eorpus
830 2222 881 2285 uel
903 2222 1088 2305 sanguinem
1111 2223 1176 2288 eius
1200 2241 1262 2288 nou
1285 2224 1324 2288 ad

184 2327 346 2407 iudicium,
369 2325 424 2391 ssd
440 2327 479 2390 ad
498 2327 672 2391 remedium
687 2327 809 2390 animae
825 2329 951 2391 nostrae
974 2345 1151 2392 mereamur
1173 2327 1321 2412 accipere.
1351 2355 1376 2394 lo

184 2433 217 2498 iu
241 2432 358 2498 Christi
382 2432 466 2496 euim
490 2450 616 2514 corpore
640 2432 684 2496 sio
707 2431 775 2496 uita
797 2435 904 2496 nostra
926 2431 1079 2511 oonsistit‚
1102 2432 1183 2496 siout
1205 2435 1236 2496 et
1257 2432 1324 2515 ipse
1457 2417 1459 2422 ¹

185 2537 433 2602 domiuusdirit:
458 2536 530 2601 uisi
553 2536 871 2600 mauduoaueritis
894 2553 1041 2600 earnem
1065 2535 1138 2600 lilii
1162 2535 1323 2600 hominis

185 2646 223 2706 et
250 2639 426 2706 biberitis
454 2641 677 2725 sauguinem
704 2639 799 2721 eius,
827 2657 899 2704 uon
926 2637 1115 2704 habebitis
1144 2640 1261 2704 uitam
1288 2640 1324 2704 iu

184 2745 304 2810 uobis,
349 2748 451 2810 mutet
478 2763 550 2829 ergo
574 2745 683 2826 uitam,
711 2745 764 2826 qui
786 2745 855 2810 uult
882 2744 1020 2827 aoeipere
1048 2745 1156 2809 uitam.
1202 2745 1325 2808 namsi

183 2868 249 2916 nou
272 2853 376 2914 mutet
398 2850 507 2930 uitam,
531 2850 570 2914 sd
592 2849 743 2914 iudioium
760 2849 890 2934 aooipiet
912 2849 1011 2913 uitam
1027 2852 1059 2913 et
1081 2849 1182 2933 magis
1205 2867 1241 2914 er
1257 2849 1326 2932 ipsa
1352 2874 1378 2916 rr

185 2956 405 3038 corrumpetur
419 2973 514 3036 quam
537 2954 710 3035 sanabitur,
734 2953 834 3037 magis
858 2953 1007 3018 oooiditur
1023 2971 1118 3036 quam
1140 2952 1323 3018 uiuificatur.

295 3109 339 3179 12]
358 3109 452 3164 loauu.
466 3111 490 3174 6,
503 3109 544 3166 54.

233 3249 297 3306 diu
315 3249 379 3304 nom
398 3247 441 3321 ἔόἶι
459 3249 590 3304 trinitatis
608 3248 723 3320 epistula
740 3247 778 3304 sm
797 3249 906 3304 faustini
925 3246 967 3320 ὁῖιι
985 3251 1013 3304 iu
1032 3248 1168 3320 ullatiuitas
1185 3251 1254 3317 (orat
1272 3250 1326 3306 oon

182 3441 321 3482 serrum
344 3425 440 3481 dubios
462 3426 483 3480 I
501 3425 605 3492 (LVII
621 3429 674 3479 843
696 3425 809 3494 illimes),
836 3425 900 3479 item
925 3426 997 3480 inter
1021 3441 1154 3481 ammorreo
1177 3425 1327 3496 Auouotn'm‘

183 3513 286 3569 dubios
308 3512 360 3567 CX
365 3513 391 3567 V
404 3511 515 3578 (XXX
520 3513 615 3566 VIIII
623 3515 692 3565 1973
704 3513 765 3580 M),
782 3512 831 3566 ool
847 3513 898 3568 loeo
914 3513 992 3568 hobel
1009 3512 1164 3568 wordiam:
1186 3511 1327 3582 appropin-

183 3603 287 3670 quante
309 3599 362 3653 iam
385 3599 563 3654 saeratissimo
584 3597 770 3662 sollemnitate,
793 3615 845 3667 qua
866 3597 984 3653 saluator
1006 3601 1095 3653 uester
1116 3599 1186 3653 iuter
1207 3598 1327 3654 homiues

183 3687 261 3742 nasei
274 3685 480 3742 misericorditer
496 3685 591 3756 uoluit,
608 3684 704 3740 iratres
717 3685 854 3750 carissimi,
873 3683 1008 3740 adtentius
1021 3685 1195 3750 sormiderata,
1214 3687 1328 3756 qualiter

182 3775 311 3844 oporteat
333 3789 381 3827 uos
403 3773 431 3828 iu
453 3771 570 3828 aduentu
589 3775 678 3827 tautae
696 3771 829 3842 potentiae
847 3772 1007 3842 praeparari,
1029 3779 1060 3826 ut
1081 3789 1170 3842 regern
1193 3775 1220 3828 et
1242 3773 1327 3827 donui-

182 3875 254 3914 unm
277 3861 399 3914 nostrum
427 3859 491 3914 laeti
518 3863 597 3928 atque
615 3859 760 3929 gaudentes
785 3875 845 3914 eum
871 3858 957 3928 gloria
983 3861 1011 3914 et
1032 3857 1156 3913 laudibus
1179 3875 1328 3914 mereamur

181 3948 322 4017 suscipere
340 3949 368 4002 et
388 3947 417 4002 in
438 3950 580 4018 conspeetu
598 3947 654 4002 eius
676 3947 747 4001 iuter
768 3949 858 4001 noenu
880 3945 969 4000 felices
992 3949 1145 4001 sauctorum
1167 3946 1327 4016 gratulando

181 4035 320 4090 exsultare
338 4034 424 4104 magis
442 4051 522 4104 quam
541 4033 573 4090 ab
592 4049 622 4090 eo
640 4037 748 4105 proptor
765 4033 921 4089 foeditatem
939 4035 1057 4088 uostmm
1076 4033 1174 4103 repulsi
1186 4033 1256 4089 iuter
1268 4049 1327 4104 pse·

182 4125 292 4178 autores
321 4125 457 4178 aeternam
488 4121 669 4178 confusionem
696 4122 799 4176 mereri.
827 4125 854 4176 et
884 4121 944 4176 ideo
971 4135 1035 4192 rogo
1062 4124 1089 4176 et
1115 4137 1209 4176 moneo
1235 4123 1263 4176 et
1289 4135 1327 4190 qs.

182 4235 334 4308 eserenon
352 4237 382 4292 m
443 4235 505 4292 rm
523 4236 587 4292 ooo.
605 4237 652 4292 or
703 4201 857 4339 speirano
874 4236 905 4291 rr
959 4237 988 4291 rr
1010 4249 1161 4305 oramen
1180 4233 1209 4290 rr
1266 4249 1328 4288 eon-

180 4351 263 4406 simio
279 4349 309 4406 D
370 4347 541 4404 siout-dixit
558 4349 600 4406 bio
618 4350 648 4405 D
702 4351 734 4405 12
751 4349 791 4403 fili
810 4349 840 4404 D
893 4350 926 4404 16
944 4351 1128 4418 corrumpetur
1144 4347 1254 4418 scripsi,
1271 4361 1328 4402 eor·

181 4437 298 4510 rir'pitur
315 4437 353 4506 D,
371 4435 1044 4508 eorrumpitur-sanetur-eoolditur-uiuifleetur
1060 4437 1132 4508 Auo.
