3268 5142
637 489 701 543 1111.
721 488 830 542 Sermo
848 489 890 543 28.
1270 485 1334 550 335

198 669 328 734 effectus
352 669 401 732 est
423 667 525 731 subito
548 665 691 730 sacerdos
715 662 878 746 sanguinis
905 662 964 726 sui.
1003 665 1034 724 et
1063 663 1135 743 post
1164 661 1249 725 illam
1281 661 1334 726 do·

198 773 278 838 mini
307 771 499 856 singularem
533 770 749 853 insignemque
783 767 947 832 uictoriam
981 766 1041 829 dux
1075 767 1254 830 certaminis
1287 767 1335 831 in-

198 877 319 960 experti
353 879 385 940 st
418 875 492 940 noui
522 877 630 939 auetor
659 872 809 956 triumphi
839 871 966 954 signifer
997 870 1149 934 exereitus
1179 870 1335 934 candidati

198 982 329 1046 denotas
353 980 390 1044 de
413 998 446 1044 se
470 979 526 1044 deo
549 977 690 1061 martyrii
712 975 866 1059 primitias
889 975 1073 1039 immolauit.
1119 992 1229 1058 praeco
1253 975 1335 1038 ueri-

198 1086 273 1150 tatis
301 1088 333 1150 et
354 1083 559 1167 pedissequus
590 1081 795 1164 redemptoris
825 1080 865 1144 ab
896 1079 993 1162 impia
1014 1079 1200 1144 Iudaeorum
1230 1083 1334 1162 gente,
1374 1111 1387 1151 e

196 1208 277 1272 quae
296 1188 415 1253 recenti
429 1187 592 1272 parricidio
608 1187 712 1251 calens
735 1185 882 1250 immanis
897 1183 1013 1268 piaculi
1035 1185 1136 1248 scelus
1157 1183 1333 1258 anhelabat,

196 1295 274 1359 dure
298 1311 443 1358 sanorum
465 1291 564 1356 imbre
588 1291 746 1356 conlectus
770 1293 818 1353 est
840 1289 1005 1371 multiplici
1025 1289 1153 1352 uulnere
1169 1288 1334 1371 speciosior

197 1401 232 1462 et
263 1397 363 1462 tincta
395 1399 483 1461 ueste
517 1395 681 1460 candidior.
728 1394 767 1458 ad
796 1393 880 1458 hunc
913 1411 985 1457 eum
1015 1391 1110 1457 finem
1141 1392 1282 1457 diuersae
1316 1409 1334 1456 a

196 1502 308 1586 primis
336 1501 426 1565 anuis
453 1500 572 1585 gratiae
600 1502 632 1564 at
653 1498 732 1584 legis
759 1516 796 1562 ac
822 1498 1044 1580 prophetarum
1071 1501 1334 1580 praeparauerant

197 1605 390 1688 disciplinae.
1365 1631 1388 1671 ιο

244 1709 371 1790 Beatus,
395 1709 483 1774 euius
506 1708 572 1772 uita
594 1707 725 1772 feliciter
748 1706 965 1770 administrata
979 1705 1101 1770 felicius
1125 1723 1260 1789 expensa
1275 1709 1334 1786 est,

196 1813 321 1894 beatus,
348 1813 437 1877 ouius
463 1813 530 1876 uita
555 1812 587 1876 in
615 1811 730 1876 saeculi
757 1811 897 1894 exemplo
924 1811 1091 1894 proposita,
1118 1811 1152 1875 in
1174 1811 1222 1874 dei
1246 1811 1334 1874 testi-

198 1919 304 1982 monie
327 1919 556 1997 consummata,
586 1916 619 1980 in
646 1915 817 1998 patrocinio
847 1915 943 1979 totius
970 1914 1054 1979 orbis
1084 1918 1246 1996 assumpta
1276 1917 1333 1994 est,

196 2021 321 2102 beatus,
355 2022 388 2086 in
411 2039 471 2104 quo
502 2024 634 2086 mortem
665 2019 795 2084 illustris
825 2021 890 2084 uita
918 2019 1061 2099 ealeauit,
1095 2019 1192 2083 immo
1220 2020 1250 2082 in
1274 2037 1334 2100 quo

197 2144 284 2190 mors
306 2126 390 2190 uitae
413 2125 636 2190 commercium
658 2125 725 2188 suit.
769 2124 823 2188 alii
845 2143 900 2207 per
922 2124 1054 2187 multam
1077 2123 1334 2206 transgressionis
1363 2151 1388 2191 rs

197 2230 348 2313 antiquae
370 2229 529 2294 communi
559 2247 643 2309 casu,
675 2228 812 2312 generali
843 2228 925 2292 exitu
955 2229 1006 2291 uel
1036 2225 1174 2292 febribus
1204 2227 1335 2292 diuersis

197 2333 402 2398 mortalitatis
431 2333 595 2415 impositae
625 2332 793 2416 generibus
822 2336 1057 2396 consumuntur.
1102 2331 1213 2396 beatus
1241 2331 1335 2396 homo

196 2439 260 2519 hic,
284 2439 337 2521 qui
359 2439 586 2502 inmaculatum
609 2437 753 2520 spiritum
779 2455 835 2520 pro
859 2436 974 2502 Christi
1001 2437 1117 2501 honore
1144 2437 1335 2519 profundens

198 2543 395 2608 occasionem
418 2543 493 2606 feeit
514 2541 630 2626 gloriae
653 2542 692 2606 de
715 2541 901 2606 necessitate
929 2545 1058 2605 naturae
1085 2543 1259 2622 meruitque
1283 2541 1336 2604 de·

197 2647 301 2712 bitum
324 2646 509 2711 conditionis
532 2646 564 2710 in
586 2647 709 2711 lucrum
731 2645 871 2710 conferre
897 2646 1033 2726 uirtutis,
1061 2649 1105 2725 ut,
1128 2645 1210 2727 quod
1234 2643 1295 2708 sibi
1318 2663 1336 2708 a
1361 2673 1388 2712 ao

199 2751 333 2816 saeculis
360 2751 393 2814 in
415 2749 541 2814 homine
563 2751 613 2814 len
641 2749 769 2833 originis
797 2753 828 2814 et
854 2750 991 2814 criminis
1019 2749 1205 2829 dimicabat,
1233 2752 1334 2812 totum

198 2857 234 2919 in
256 2855 315 2920 isto
339 2854 398 2918 sibi
421 2854 545 2919 deuotio
567 2855 668 2918 laudis
696 2854 868 2919 inuaderet.
914 2873 949 2919 ac
981 2855 1025 2918 sie
1047 2856 1118 2936 pest
1140 2853 1334 2936 triumphum

198 2959 318 3023 domini
345 2959 378 3023 in
400 2959 459 3024 hoc
489 2959 633 3042 primitus
664 2977 759 3024 saeua
788 2977 872 3024 mers
903 2960 997 3024 etiam
1027 2977 1159 3024 aceruo
1190 2977 1223 3022 se
1252 2959 1335 3023 uinci

199 3081 291 3146 posse
319 3064 479 3147 cognouit,
511 3067 547 3126 ut
573 3064 726 3128 secuturis
755 3063 944 3146 martyribus
972 3081 1079 3146 parere
1110 3063 1148 3126 de
1176 3082 1209 3126 se
1237 3063 1336 3126 uitam

200 3167 275 3232 licet
297 3167 329 3231 in
352 3168 420 3231 uita
435 3171 660 3232 consuesceret.
695 3187 766 3232 cum
783 3185 855 3252 ergo
879 3167 1034 3250 spiritales
1058 3185 1173 3251 agones
1189 3167 1335 3230 reseratis
1362 3193 1389 3232 aa

201 3271 339 3334 iustitiae
355 3271 454 3352 portis
477 3272 561 3336 eaelo
576 3275 656 3336 teste
672 3272 807 3352 sudaret,
831 3275 939 3336 saneto
954 3272 1093 3353 repletus
1109 3271 1220 3353 spiritu
1243 3275 1336 3352 atque

201 3373 289 3438 ebria
319 3393 338 3439 a
367 3375 423 3439 deo
454 3379 558 3440 mente
588 3376 633 3440 ita
663 3379 711 3440 est
740 3377 932 3458 prolocutus:
963 3394 1046 3440 ecce
1077 3376 1184 3440 uideo
1213 3376 1335 3440 caelos

201 3483 352 3562 apertos
376 3482 411 3542 et
427 3479 549 3543 filium
564 3479 725 3544 hominis
749 3483 911 3544 stantem
934 3481 1109 3544 adextris
1126 3480 1192 3544 dei.
1225 3479 1336 3562 spiritu

201 3601 274 3667 ergo
297 3583 409 3665 plenus
432 3585 463 3647 et
485 3601 504 3647 a
526 3584 641 3648 dextris
663 3583 762 3648 filium
784 3585 921 3650 hominis
943 3585 1054 3648 uidens
1078 3584 1136 3649 sub
1159 3585 1336 3668 spectaculo

199 3687 351 3751 trinitatis
374 3687 486 3752 edebat
508 3707 639 3752 munera
661 3689 823 3771 passionis.
869 3690 914 3754 ita
936 3709 1009 3773 ergo
1037 3689 1074 3752 de
1097 3708 1133 3753 eo
1160 3707 1196 3753 ae
1223 3689 1261 3751 de
1283 3687 1336 3752 lu·
1363 3715 1389 3755 ee

200 3791 286 3856 dacis
310 3795 444 3856 testatur
465 3811 568 3858 sermo
591 3793 729 3858 diuinus:
753 3794 938 3874 uiderunt,
962 3796 1071 3876 inquit,
1099 3795 1233 3858 taciem
1257 3793 1336 3858 eius

200 3897 390 3977 tamquam
417 3896 550 3961 faciem
578 3897 710 3982 angeli.
756 3897 904 3962 nimirum
926 3901 1027 3962 totum
1051 3917 1084 3962 se
1108 3898 1202 3962 etiam
1229 3898 1261 3962 in
1285 3917 1337 3963 ex·

304 4085 350 4156 au]
369 4085 520 4152 111155.
579 4086 626 4156 31]
645 4086 742 4151 aas,
757 4089 797 4144 15.

304 4259 453 4314 dmartirii
471 4259 607 4329 primicias
625 4262 652 4315 P
708 4265 738 4316 11
759 4261 956 4316 amministrata
974 4265 1002 4318 P
1058 4266 1089 4320 15
1108 4266 1292 4320 commertium
1312 4267 1339 4320 P

204 4348 421 4416 uamgressionis
438 4350 544 4418 scripsi,
562 4349 784 4416 transquestionis
802 4351 830 4405 P
891 4353 923 4406 21
943 4349 1102 4406 nondicebat
1119 4355 1147 4406 P
1208 4355 1243 4408 26
1260 4353 1336 4406 iusti·

205 4433 258 4486 ciac
277 4435 305 4489 P
355 4437 388 4490 27
406 4434 582 4504 proloquutus
601 4436 628 4490 P
