3264 5134
299 459 358 522 106
676 463 711 516 ΙΙ.
729 453 775 517 De
794 465 914 533 spiritu
933 469 1046 519 sancto

295 636 364 717 luit,
396 657 452 701 nec
484 640 521 702 ah
553 659 588 704 eo
611 641 746 724 genitus,
776 641 831 705 sed
854 645 985 706 oreatus.
1032 647 1199 726 conceptus
1223 645 1272 706 est
1293 644 1432 724 potentia

295 759 356 806 non
372 741 556 824 substantia,
572 745 749 828 operatione
765 764 825 810 non
842 747 1086 830 participatione,
1103 747 1217 812 uirtute
1230 765 1291 812 non
1304 766 1427 831 genere.

827 973 901 1039 IIII.

423 1136 465 1177 DE
488 1136 628 1178 Unrrh'rla
650 1137 847 1180 rusrruouns
871 1138 1059 1181 Ansussunna
1083 1137 1298 1182 Puopnurlcrs.

255 1297 267 1336 s
336 1271 495 1338 Catholica
518 1273 594 1338 fides
617 1276 815 1359 trigeminam
839 1277 1037 1340 maiestatem
1060 1276 1118 1340 sub
1143 1277 1240 1340 unius
1259 1277 1429 1341 diuinitatis

292 1377 486 1443 confessione
517 1383 683 1444 ueneratur
715 1381 860 1465 [accipite
891 1400 986 1446 unam
1021 1401 1056 1444 er
1091 1383 1186 1445 sacris
1216 1382 1429 1447 uoluminibus

292 1483 519 1566 diuinitatem]
537 1486 636 1565 andi,
654 1485 780 1550 Israel.
817 1487 986 1550 dominus
1003 1487 1091 1550 deus
1114 1491 1200 1550 tuus
1223 1487 1311 1551 deus
1333 1506 1429 1551 unns

292 1591 362 1669 est,
391 1591 435 1652 ct:
459 1589 647 1655 dominum
671 1591 776 1654 deum
799 1594 901 1655 tuum
925 1591 1097 1660 adorabis
1122 1592 1237 1656 atilli
1262 1592 1332 1656 soli
1355 1611 1429 1656 ser-

290 1694 384 1774 uies,
401 1696 575 1759 etiterum:
600 1715 664 1779 ego
680 1715 758 1760 snm
774 1697 943 1760 dominus
960 1699 995 1760 et
1013 1714 1083 1760 non
1101 1699 1157 1760 est
1172 1697 1261 1760 deus
1280 1701 1429 1778 practer

239 1822 264 1861 ιο
290 1817 359 1878 me,
376 1799 450 1862 etin
464 1801 607 1882 psalmis:
624 1801 765 1864 faciens
779 1801 979 1880 mirabilia,
996 1805 1033 1864 tu
1047 1821 1083 1864 es
1097 1802 1185 1866 deus
1202 1803 1312 1881 solus
1336 1803 1427 1865 item:

289 1907 328 1966 tu
359 1905 460 1968 solus
493 1905 700 1969 altissimus
723 1906 759 1970 in
783 1907 881 1969 omni
904 1909 1015 1969 terra.
1061 1925 1116 1988 per
1139 1906 1265 1970 Esaiam
1289 1924 1426 1988 qnoque:

290 2008 378 2071 deus
402 2007 536 2089 Israel,
560 2011 620 2091 qui
644 2010 749 2074 selles
774 2029 883 2094 super
906 2007 1111 2090 Cherubin,
1138 2015 1177 2075 tu
1201 2031 1237 2074 es
1262 2013 1349 2075 deus
1374 2029 1429 2075 so-

289 2114 346 2178 lus
363 2114 523 2177 omnium
538 2133 735 2197 regnorum
748 2119 883 2194 terrae,
899 2115 989 2179 item:
1007 2135 1072 2198 ego
1085 2115 1270 2196 dominun,
1285 2117 1429 2199 primus

290 2219 325 2282 et
355 2219 583 2282 nouissimus
614 2238 680 2302 ego
710 2239 804 2300 sum,
839 2221 928 2284 item:
963 2239 1028 2304 ego
1059 2221 1243 2301 dominus,
1274 2221 1341 2285 hoc
1371 2225 1429 2285 est

238 2346 262 2386 rs
289 2341 569 2387 nomenmenm.
603 2325 760 2406 gloriam
784 2343 899 2388 meam
923 2325 1036 2389 alteri
1059 2343 1129 2389 non
1154 2325 1255 2388 dabo.
1295 2329 1330 2389 nt
1352 2345 1428 2390 uero

288 2427 346 2492 hoc
369 2427 587 2491 testimonium
610 2429 648 2492 ad
673 2427 833 2493 Christum
857 2430 980 2492 noueris
1003 2429 1169 2510 pertinere,
1193 2429 1288 2494 id'est
1303 2431 1424 2511 primus

288 2537 320 2597 et
342 2533 542 2613 nouissimus
566 2534 603 2597 de
628 2553 660 2597 sc
684 2535 743 2598 alio
767 2535 833 2597 loeo
857 2535 947 2598 elirit:
980 2553 1044 2617 ego
1076 2553 1155 2598 snm
1185 2534 1426 2617 principium,

288 2638 382 2720 quod
406 2641 441 2702 et
467 2639 598 2720 loquor
628 2639 749 2718 nohis,
780 2639 871 2702 item:
900 2643 985 2702 ante
1009 2657 1063 2702 mc
1087 2657 1159 2704 non
1182 2639 1255 2703 fuir
1278 2639 1366 2702 deus
1390 2643 1427 2703 et

286 2745 371 2825 post
393 2763 447 2807 me
471 2761 542 2806 non
566 2743 644 2806 erit.
681 2760 746 2826 ego
770 2762 848 2806 snm
873 2742 1041 2807 dominus
1066 2745 1101 2806 et
1124 2743 1425 2825 honestatisque

235 2869 260 2908 ro
286 2866 341 2910 me
369 2847 549 2927 saluator,
581 2848 661 2930 quod
690 2849 863 2930 specialiter
890 2848 1026 2931 pertinet
1050 2849 1088 2912 ad
1112 2847 1273 2912 Christum
1296 2848 1426 2912 humani

285 2953 408 3034 generis
432 2952 632 3032 saluatorem,
660 2953 750 3016 item:
778 2953 868 3016 haec
896 2952 988 3016 dicit
1016 2952 1186 3016 dominus
1212 2953 1426 3035 redemptor

287 3061 372 3119 tuus
388 3059 424 3118 ct
438 3056 617 3120 formator
631 3060 716 3120 tuus
734 3076 774 3120 ex
790 3059 910 3120 utero:
927 3075 992 3140 ego
1005 3076 1085 3120 sum
1098 3057 1268 3121 dominus
1281 3057 1425 3120 faciens

285 3162 422 3240 omnia,
454 3161 657 3224 extendens
689 3162 828 3240 coeloe,
859 3161 960 3225 solus
991 3161 1192 3225 stabiliens
1223 3165 1359 3225 terram
1390 3165 1425 3224 et

285 3265 413 3328 nullus
445 3283 596 3329 mecum.
644 3266 725 3347 quod
756 3265 794 3329 ad
817 3265 923 3328 lesum
955 3266 1106 3329 factorem
1138 3284 1173 3329 ac
1195 3267 1422 3348 redemptorem

233 3393 257 3430 ¹25
284 3369 405 3451 proprie
428 3371 562 3452 respicit,
587 3370 623 3433 de
648 3389 708 3452 quo
732 3371 928 3452 euangelista
951 3375 1188 3435 commemorat:
1216 3371 1339 3434 omnia
1360 3389 1424 3452 per

285 3472 404 3556 ipsum
435 3473 536 3537 facta
564 3477 651 3538 sunt
679 3478 714 3538 et
737 3475 816 3538 sine
840 3476 919 3557 ipso
943 3475 1084 3538 factum
1114 3479 1169 3538 est
1196 3475 1304 3555 nihil,
1332 3475 1423 3539 item:

387 3697 414 3766 7]
434 3699 511 3752 Dent.
526 3702 550 3761 6,
563 3701 587 3754 4.
629 3699 657 3768 8]
676 3699 757 3753 Dect.
771 3702 795 3763 6,
809 3701 849 3754 13.
890 3700 916 3768 o]
936 3699 1014 3752 Dent.
1029 3701 1070 3764 32,
1084 3702 1125 3754 39.
1168 3699 1211 3768 10]
1230 3698 1422 3764 psalmata.

284 3785 554 3854 11]Psalm.82,19.
611 3786 653 3854 la]
673 3785 798 3850 Esaiar,
814 3789 853 3841 16.
910 3785 1136 3854 relocantur.
1195 3787 1239 3855 14]
1258 3785 1328 3839 Esai.
1341 3789 1384 3850 12,
1397 3789 1421 3842 8.

285 3871 328 3940 17]
346 3871 438 3926 Ioann.
453 3876 476 3935 8,
491 3876 531 3928 25.
587 3873 630 3942 18]
650 3873 719 3926 Esni.
734 3875 775 3934 43,
792 3876 830 3928 10.
885 3873 931 3942 21]
950 3873 1018 3926 usai.
1033 3875 1128 3937 4124.
1188 3873 1233 3942 25]
1253 3873 1344 3926 Ioann.
1360 3876 1382 3937 1,
1397 3875 1422 3928 3.

324 4082 341 4134 4
364 4079 504 4134 asserenda
528 4083 555 4134 P
623 4083 639 4134 6
663 4079 981 4149 accipite-diuinitatem
1000 4098 1050 4136 cm.
1070 4081 1099 4148 V,
1122 4099 1204 4150 quare
1226 4083 1304 4137 oracio
1322 4082 1423 4136 inclusi

282 4165 462 4221 liorahelV
542 4170 603 4221 oet
621 4169 796 4220 iterum-me
816 4171 842 4220 et
861 4185 947 4222 crau
1030 4166 1078 4220 diis
1096 4168 1125 4234 V,
1145 4165 1209 4219 deris
1229 4168 1255 4220 P
1336 4165 1368 4220 ds
1391 4168 1421 4234 V,

282 4253 349 4307 alius
367 4253 394 4307 P
455 4256 485 4308 ll
506 4254 597 4307 isaiam
618 4255 644 4307 P
706 4255 737 4308 12
756 4252 853 4306 israhel
871 4255 896 4307 V
946 4253 1053 4308 sedato
1107 4253 1243 4308 cherubim
1262 4255 1290 4308 P
1342 4255 1374 4309 16
1393 4253 1421 4306 id

281 4339 332 4408 est]
352 4337 465 4392 idemP
517 4343 549 4396 18
568 4339 654 4407 quiP
706 4341 738 4394 24
757 4339 859 4408 Iesum]
878 4338 993 4407 pertinet
1011 4341 1038 4391 ot
1055 4340 1118 4394 orld.
1133 4339 1160 4392 P
1211 4342 1244 4394 25
1262 4339 1382 4408 propriae
1400 4341 1426 4394 V

280 4424 461 4496 euuangelista
479 4426 507 4479 P
557 4425 693 4482 aenioth
712 4425 739 4479 P
