3290 5152
331 466 396 530 444
810 465 978 534 Epistulae

331 641 496 724 purissimo
520 640 644 724 benigni
659 643 792 724 pectoris
807 641 977 725 inrigastis,
1001 645 1045 722 ut,
1068 639 1241 722 quamlibet
1256 641 1463 722 alloquiorum

330 748 506 809 uestrorum
536 763 667 809 munera
696 747 831 827 pretiosa
861 762 922 809 non
953 745 1084 828 capiam,
1115 745 1324 828 praesentiam
1357 748 1463 810 tamen

330 853 469 913 uestram
492 851 574 914 intra
597 851 709 914 mentis
731 849 886 931 profunda
903 850 1091 931 possideam,
1114 854 1159 929 ut,
1183 849 1241 912 etsi
1256 865 1366 913 causas
1382 849 1464 912 desi-

330 954 406 1017 derii
428 953 587 1017 refouendi
611 954 802 1017 extrinsecus
826 971 887 1017 non
911 954 1071 1036 accipiam,
1095 954 1177 1018 intra
1199 973 1249 1018 me
1272 953 1324 1017 eas
1344 957 1461 1034 tamen,

292 1057 404 1124 sdum
434 1058 553 1140 gratiae
583 1063 706 1122 uestrae
735 1059 927 1138 reminiscor,
957 1058 1124 1122 inueniam.
1170 1076 1271 1140 neque
1301 1059 1383 1122 enim
1415 1058 1461 1122 fas

329 1166 386 1242 est,
410 1165 445 1225 nt
467 1162 585 1226 bonum
607 1163 684 1226 illud
708 1181 743 1226 ex
766 1162 984 1227 accedentibus
1008 1167 1131 1226 tantum
1150 1163 1286 1245 requirat
1301 1161 1461 1226 adiutoriis

327 1267 565 1346 incrementum,
592 1267 673 1349 quod
696 1266 840 1331 medullis
863 1271 986 1331 constat
1008 1267 1157 1331 intusum.
1202 1283 1262 1348 quo
1284 1265 1329 1346 fit,
1353 1269 1389 1330 ut
1411 1283 1462 1329 oa-

326 1371 413 1451 rites,
437 1387 515 1452 quae
539 1371 570 1433 in
592 1371 765 1434 uisceribus
788 1372 865 1434 meis
888 1371 953 1454 iugi
974 1371 1185 1435 recordatione
1200 1370 1297 1434 uestri
1311 1370 1462 1434 innodata

328 1475 486 1555 dulcescit,
511 1475 647 1539 caritatis
671 1475 746 1538 mihi
769 1479 893 1538 uestrae
915 1475 1163 1539 uicissitudinem
1185 1474 1389 1557 repromittat
1425 1491 1461 1538 ac

275 1607 301 1647 ιο
328 1580 371 1643 sic
395 1579 524 1643 affectus
548 1597 622 1663 erga
643 1597 699 1643 uos
723 1598 811 1643 meus
835 1580 932 1643 uestri
955 1580 1032 1642 nrilri
1055 1579 1151 1642 animi
1166 1579 1327 1644 fideiussor
1343 1577 1461 1642 aceedit

327 1687 356 1748 et
373 1683 508 1764 quodam
525 1683 615 1748 modo
631 1684 821 1748 conscientia
844 1684 998 1748 interioris
1021 1685 1083 1748 mei
1105 1687 1214 1747 mutuo
1237 1683 1313 1747 mihi
1335 1687 1459 1748 uestrae

327 1789 415 1851 testis
431 1787 604 1851 dilectionis
625 1788 758 1868 adsistit,
780 1793 994 1870 quantumque
1011 1788 1087 1852 mihi
1103 1788 1141 1852 de
1157 1787 1245 1852 nobis
1261 1805 1459 1870 praesumere

326 1891 465 1972 debeam,
497 1895 635 1956 mentem
654 1911 778 1972 meam,
813 1911 890 1974 quae
921 1897 986 1957 tote
1016 1911 1090 1974 erga
1118 1909 1174 1956 uos
1205 1892 1319 1956 amoris
1351 1891 1459 1956 ardore

325 1995 446 2080 flagrat,
466 1997 630 2080 interrogo.
659 1997 740 2060 unde
757 1997 976 2062 salutationem
991 1998 1133 2061 deferens
1157 2001 1189 2060 et
1203 1996 1459 2062 intercessionem

273 2127 298 2166 15
325 2101 494 2182 deposcens
517 2118 573 2182 pro
596 2101 706 2164 harum
729 2102 878 2185 portitore
900 2100 1125 2166 insufficientes
1145 2100 1263 2184 gratias
1282 2099 1393 2164 refero.
1429 2104 1460 2164 et

324 2205 398 2286 quia
427 2204 557 2268 infelicis
588 2205 684 2287 ipsius
714 2205 863 2286 laborem,
895 2224 954 2286 quo
984 2223 1039 2288 pro
1063 2204 1256 2270 absolutione
1279 2204 1381 2269 moris
1404 2224 1459 2288 per

324 2308 518 2373 diuersarum
540 2309 703 2392 regionum
727 2313 775 2373 est
796 2310 928 2374 iactatus
952 2310 1051 2391 exilia,
1078 2327 1161 2373 mors
1184 2309 1365 2392 redemptae
1387 2327 1459 2392 pro·

323 2414 407 2478 tinus
431 2413 598 2478 subsecuta
620 2415 757 2478 cessauit
779 2417 810 2477 et
833 2432 916 2477 nunc
938 2433 1046 2478 rursus
1069 2431 1124 2496 pro
1147 2412 1229 2477 filiae
1243 2412 1458 2495 redemptione

323 2519 460 2582 anxietas
488 2521 618 2600 patema
640 2518 836 2599 distenditur,
867 2519 979 2582 uestris
1003 2536 1075 2581 eum
1098 2518 1211 2582 litteris
1234 2517 1379 2600 prosequi
1402 2535 1457 2600 pro

271 2649 296 2688 ro
322 2621 511 2686 cumulanda
532 2621 686 2686 mercedis,
707 2625 831 2686 uestrae
853 2621 997 2686 ubertate
1019 2620 1162 2685 lubeatis

364 2725 439 2788 Pius
471 2725 613 2789 dominus
644 2724 849 2790 reuerendam
883 2726 959 2789 mihi
992 2725 1217 2790 beatitudinem
1251 2729 1390 2789 uestram
1418 2725 1455 2790 ad

321 2830 495 2914 proiectum
523 2834 554 2894 et
577 2833 721 2895 ornatum
746 2831 893 2895 ecclesiae
917 2848 992 2895 suae
1014 2833 1045 2894 et
1067 2830 1157 2894 annis
1179 2829 1388 2912 multiplicare
1411 2829 1456 2894 di·

320 2938 434 3018 gnetur
457 2937 489 2998 et
512 2934 644 3014 meritis,
675 2934 798 2999 domine
821 2934 1003 2999 beatissime
1027 2952 1063 2998 ac
1085 2933 1337 2998 reuerentissime
1362 2939 1453 3016 atque

321 3055 412 3102 ame
440 3036 544 3102 debito
567 3039 652 3102 cultu
675 3038 875 3121 singulariter
897 3037 1090 3102 obseruande
1112 3038 1144 3102 in
1168 3036 1291 3102 Christo
1313 3041 1452 3119 patrone.

268 3253 296 3294 rs
857 3229 914 3293 III.

213 3417 217 3426 ,
320 3372 441 3413 DOMINO
465 3371 582 3413 SANCTO
606 3369 647 3413 ΔΟ
673 3371 860 3414 BEATISSIMO
889 3373 929 3413 ΕΤ
953 3371 1027 3414 OMNl
1050 3373 1119 3413 urm
1143 3373 1243 3414 cunuti
1265 3371 1373 3421 ATQUB
1395 3372 1450 3414 ΗΟ·

319 3459 402 3500 NORE
425 3457 614 3501 uenantum
637 3459 731 3500 raum
755 3461 795 3500 ΕΤ
817 3461 849 3500 IN
870 3459 1001 3502 CHRISTO
1020 3459 1141 3502 DOMINO
1160 3459 1303 3502 PATRONO
1324 3459 1449 3502 RURICIO

693 3545 843 3588 EPISGOPO
865 3546 1070 3590 renuamus

361 3662 497 3726 Litterae
528 3661 701 3726 sanctitatis
728 3665 852 3727 uestrae
874 3682 925 3728 me
948 3663 1079 3746 spiritali
1102 3662 1170 3728 cibo
1193 3665 1319 3745 pastum
1342 3664 1450 3728 incita·

198 3815 199 3820 1
266 3792 292 3831 so
318 3769 432 3830 uerunt
461 3766 499 3830 ad
531 3785 618 3850 spem
649 3767 824 3832 luturomm
856 3771 887 3832 et
914 3767 1011 3832 uerba
1037 3767 1216 3850 prophetica
1238 3767 1380 3832 claritate
1402 3786 1450 3832 ra-

362 3889 374 3941 1
389 3885 498 3955 benigni
512 3904 536 3953 a,
551 3885 702 3956 benignoS
742 3886 879 3956 irrigastis
890 3890 925 3957 cs.
937 3888 1005 3943 Rar.
1015 3905 1055 3958 ep.
1065 3888 1133 3957 119,
1142 3887 1255 3956 ingestis
1267 3886 1295 3956 S,
1305 3886 1449 3942 intrastiso

317 3973 505 4040 apreoioses
556 3973 753 4042 presentismS
805 3973 1031 4042 aposedeams
1082 3973 1309 4028 liuerementum
1322 3991 1347 4038 o,
1365 3974 1449 4028 incra·

316 4059 482 4115 mentiumS
526 4059 633 4128 quodS
678 4062 822 4128 quo-an.
836 4065 870 4114 14
882 4059 964 4129 unde]
977 4061 1297 4130 cfiRar.ep.119ct52
1341 4061 1451 4129 aquas

316 4145 521 4200 recollationev
584 4146 793 4203 9dulciscitS
857 4149 889 4202 12
911 4151 1189 4216 quantumcumquev
1257 4148 1450 4215 presumeret*

318 4233 349 4288 13
362 4232 448 4300 queS
500 4235 531 4288 15
550 4233 588 4302 ct]
607 4237 637 4287 ut
654 4235 722 4290 coni.
735 4235 918 4290 Mommsmus
973 4236 1004 4290 16
1016 4233 1134 4288 infelices
1147 4235 1177 4302 S,
1189 4231 1350 4288 infelicemo
1403 4233 1448 4288 ab

316 4317 481 4388 solutionco,
494 4317 663 4378 ablutiones
710 4319 925 4390 irredemptos
969 4322 1139 4378 20uestreS
1184 4323 1216 4376 21
1230 4320 1450 4378 reuertendamS

315 4407 349 4462 22
367 4405 473 4462 annis
523 4408 556 4462 28
574 4407 751 4463 Turontiuso
804 4410 837 4464 29
855 4407 1083 4464 encitauaruntS
