3264 5134
295 455 337 519 48
757 454 778 508 1.
798 455 841 508 De
859 455 968 524 gratia

295 631 473 713 praecipitia
488 630 734 713 demerguntur?
758 648 837 712 quae
856 630 888 693 id
906 631 983 694 ratio
1003 631 1077 714 agit,
1097 630 1156 695 nisi
1176 629 1248 714 quia
1263 629 1433 713 expugnari

296 753 330 796 se
357 733 482 818 ignauia
507 733 683 798 resoluante
714 782 1430 798 ...................

827 961 895 1026 XV.

295 1079 351 1164 <nn
378 1103 474 1145 anina
503 1103 619 1146 assum
646 1106 686 1145 nn
714 1105 840 1146 ananan
868 1104 1003 1146 annosos
1026 1103 1169 1146 annnnos
1193 1103 1432 1146 srnrmnunrnnu

513 1192 567 1232 nur
591 1191 713 1233 consen
737 1191 932 1242 enonunnnn
956 1169 1215 1253 unusuasronnnr).

340 1357 640 1374 ...........
662 1313 693 1373 et
715 1327 853 1390 causam,
877 1329 931 1374 cur
953 1309 1044 1374 fracti
1067 1310 1254 1390 uiderentur,
1278 1309 1431 1393 exposuit:

294 1415 445 1495 propter
475 1412 793 1494 incredulitatem,
821 1415 931 1496 inquit,
961 1415 1074 1478 fracti
1101 1418 1202 1495 sunt,
1232 1432 1295 1478 non
1325 1415 1432 1496 utique

294 1521 419 1598 propter
446 1517 692 1598 praescientiam.
731 1535 793 1582 uon
816 1519 983 1601 specialem
1007 1537 1074 1582 esse
1097 1519 1178 1582 circa
1200 1517 1360 1582 credentes
1383 1517 1433 1580 dei

296 1619 540 1685 munificentiam
564 1622 661 1702 docet,
685 1623 808 1705 quando
832 1626 863 1686 et
885 1641 947 1704 eos,
970 1640 1047 1705 quos
1074 1623 1297 1688 incredulitatis
1321 1623 1432 1708 arguit,

245 1724 420 1790 recredere
450 1725 587 1808 potuisse
615 1727 818 1791 demonstrat,
857 1744 916 1810 quo
946 1747 1059 1811 genere
1090 1728 1184 1792 etiam
1211 1726 1352 1792 infideles
1382 1745 1433 1791 co-

294 1831 377 1913 piam
400 1829 473 1894 fidei
496 1831 651 1914 accepisse
675 1831 855 1896 manifestat
879 1835 918 1912 et,
943 1832 1016 1896 dum
1040 1833 1078 1896 de
1100 1832 1294 1897 naturalibus
1317 1833 1432 1896 fractos

296 1935 379 2015 dicit,
410 1939 645 2017 praesumentes
678 1936 837 2000 salutifera
866 1937 1068 2020 castigatione
1091 1937 1279 2020 conpressit:
1311 1937 1356 2017 si,
1386 1937 1433 2000 iu·

296 2039 372 2120 quit,
397 2038 632 2103 naturalibus
657 2041 769 2103 ramis
793 2059 863 2105 non
886 2041 1067 2124 pepercit,
1091 2060 1134 2104 ne
1156 2041 1253 2106 forte
1277 2060 1343 2106 nec
1363 2040 1433 2105 tibi

295 2147 438 2226 parcat,
462 2147 493 2206 et
515 2143 670 2207 subdidit:
703 2149 737 2208 et
764 2145 836 2225 illi,
865 2146 973 2228 inquit,
1001 2147 1030 2210 si
1058 2164 1129 2210 non
1156 2146 1433 2229 permanserint

246 2270 270 2310 rs
296 2247 331 2312 in
361 2247 641 2330 incredulitate,
671 2249 895 2336 inserentur.
928 2253 1061 2332 potens
1093 2253 1149 2314 est
1175 2250 1265 2314 deus
1295 2251 1432 2314 iterum

296 2353 461 2416 inserere
492 2352 588 2416 illos.
627 2354 920 2436 magnanimitatem
950 2356 1055 2436 itaque
1085 2354 1136 2418 hic
1167 2357 1198 2418 et
1223 2354 1434 2418 humilitatem

297 2457 397 2521 cordis
421 2456 606 2538 adloquitur,
636 2457 856 2539 humilitatem,
886 2462 977 2523 utet
1006 2459 1058 2541 qui
1086 2459 1222 2523 insertus
1253 2463 1301 2523 est
1331 2459 1435 2542 frangi

297 2561 416 2642 timeat,
440 2561 741 2646 magnanimitatem,
765 2567 800 2627 ut
820 2581 908 2646 spem
928 2563 1186 2628 remunerationis
1203 2567 1234 2628 et
1248 2563 1302 2646 qui
1317 2563 1434 2627 tractus

298 2669 430 2731 estnon
454 2665 596 2749 deponat.
636 2667 679 2730 sic
702 2685 794 2732 ouem
816 2668 970 2752 perditam
993 2671 1099 2752 pastor
1122 2668 1248 2732 sedulus
1271 2667 1435 2750 inquisiuit

245 2794 271 2832 so
297 2774 329 2834 et
351 2769 514 2835 inuentam
541 2770 688 2836 subiectis
720 2772 758 2836 ad
785 2773 867 2838 uuile
894 2773 1031 2838 humeris
1054 2773 1233 2856 reportauit.
1279 2771 1434 2854 quomodo

298 2879 481 2956 sequentem
504 2876 701 2958 relinqueret,
724 2878 777 2959 qui
799 2878 939 2960 sequitur
962 2877 1058 2941 etiarn
1081 2877 1329 2960 relinquentem?

825 3087 910 3152 XVI.

299 3228 420 3270 conrad
443 3228 514 3289 HOC,
539 3231 623 3278 QUOD
648 3231 762 3272 DICUNT
785 3232 940 3274 camanum
964 3231 1023 3274 NON
1040 3233 1100 3275 PRO
1116 3232 1250 3275 OMNIBUS
1272 3230 1434 3274 MOR'I'UUH.

341 3347 511 3410 Dominum
535 3352 678 3412 nostrum
701 3349 807 3412 lesum
823 3349 983 3415 Christum
1004 3351 1093 3414 aiunt
1113 3350 1284 3415 humanam
1307 3367 1435 3414 carnem

246 3475 271 3515 aa
299 3468 360 3514 non
383 3469 437 3534 pro
461 3453 599 3516 omnium
623 3453 724 3516 salute
747 3454 918 3535 sumpsisse
946 3473 1002 3518 nee
1029 3473 1084 3538 pro
1107 3454 1250 3518 omnibus
1274 3457 1435 3519 mortuum

298 3573 377 3618 esse.
407 3555 465 3620 hoc
485 3555 671 3620 omnimodis
695 3557 849 3622 catholica
871 3559 1044 3624 detestatur
1067 3559 1205 3624 ecclesia.
1243 3577 1317 3624 nam
1340 3559 1367 3623 si
1390 3557 1436 3622 ita

298 3661 391 3740 esset,
423 3660 575 3741 quomodo
607 3661 766 3744 apostolus
796 3663 929 3728 diceret:
965 3664 1063 3729 sicut
1095 3665 1130 3728 in
1161 3662 1277 3728 Adam
1308 3679 1435 3726 omnes

402 3823 610 3893 quamquo.
657 3825 885 3894 insomnem.
931 3827 1154 3896 rqaomnaaa
1201 3825 1435 3896 squatinam.

339 3971 492 4027 dlacsoaoc
513 3973 621 4043 siquam
639 3979 704 4042 post
726 3972 874 4028 resoluente
892 3976 984 4044 posui,
1014 3993 1156 4032 nummio
1178 3974 1228 4028 XV
1250 3981 1274 4031 ct
1296 3975 1379 4030 uerba
1402 3971 1436 4028 de

297 4057 605 4127 ruina—persuasionem
628 4060 727 4116 addidi
749 4079 782 4116 aaa
803 4063 984 4131 capitulorum
1006 4063 1102 4130 indice,
1126 4065 1160 4132 cs.
1179 4079 1248 4132 qruoe
1269 4063 1383 4134 capesset
1404 4063 1437 4117 ira

297 4146 366 4200 libro
380 4143 505 4202 ‘Studien
522 4148 587 4202 acer
604 4147 649 4202 dte
662 4148 800 4217 Schriften
818 4149 864 4204 das
875 4149 1016 4218 Biachofca
1034 4167 1086 4206 uon
1102 4150 1165 4206 Reii
1179 4150 1309 4220 Faustus,
1323 4167 1388 4220 pap.
1401 4147 1439 4219 9⁸,-

297 4231 437 4300 patiuntur
455 4239 517 4288 ante
534 4233 642 4302 ignauia
659 4235 752 4290 oddo
804 4237 820 4290 6
839 4251 908 4304 quur
926 4238 953 4291 P
1004 4237 1193 4305 autiquae?
1247 4239 1278 4293 12
1297 4252 1438 4306 conpress-

297 4319 333 4373 sit
350 4319 378 4374 P
440 4319 533 4388 inquid
551 4323 579 4376 P
642 4325 674 4378 16
692 4322 797 4389 itaquae
815 4323 843 4376 P
907 4325 938 4379 17
957 4322 1107 4378 incertusc
1163 4325 1195 4380 21
1215 4323 1392 4392 relinquaaret
1410 4325 1441 4380 P

297 4409 331 4462 25
350 4407 474 4462 sumsisse
493 4410 521 4463 P
