3264 5134
607 510 704 564 Liber
722 509 750 564 II
767 513 860 567 9-10.
1257 511 1299 576 83

162 685 270 750 muudi
293 685 475 768 improbitas
498 685 633 750 iustitiae
656 687 792 770 neglexit
816 687 1001 770 exemplum.
1049 705 1085 751 ac
1107 687 1152 750 sio
1174 687 1300 752 inoboe-

162 789 273 854 dientis
297 793 424 854 accusat
450 794 572 854 reatum
603 794 643 871 et,
676 791 729 873 qui
759 791 879 874 placuit
900 810 954 874 per·
977 789 1173 873 obsequium,
1198 792 1300 874 arguit

162 893 238 958 alios
266 885 390 977 placere
412 894 614 959 nibilominus
637 895 776 977 potuisse
799 913 854 979 per
878 893 1025 958 studium.
1072 899 1155 959 certe
1178 895 1299 959 nullum

162 997 193 1061 in
215 997 270 1061 illa
291 1001 395 1062 aetate
418 997 522 1062 fatalis
546 999 725 1064 constitutio
748 1000 851 1063 boum
874 999 992 1063 habuit.
1039 1017 1113 1063 nam
1136 1000 1209 1082 qnia
1230 1000 1299 1064 uni-

162 1102 291 1166 uersalis
321 1102 424 1166 luerat
453 1103 627 1185 praemissa
657 1103 875 1188 transgressio,
904 1103 1091 1167 uniuersalis
1122 1107 1170 1168 est
1192 1106 1299 1168 secuta
1337 1131 1358 1168 e.

162 1205 329 1270 damnatio.
375 1207 529 1289 quomodo
552 1207 640 1287 dicis,
671 1207 752 1288 quod
781 1207 963 1271 adsumatur
992 1213 1073 1273 nnus
1097 1209 1129 1272 et
1150 1208 1228 1272 alius
1251 1227 1299 1270 re-

162 1309 340 1392 linquatur?
385 1311 466 1390 uide,
495 1329 588 1392 quem
611 1311 650 1375 ad
674 1311 801 1375 modum
826 1315 953 1393 excepta
974 1311 1050 1375 iusti
1072 1311 1193 1376 familia
1215 1315 1299 1376 totus

162 1413 242 1479 orbis
263 1419 395 1498 cogente
417 1415 579 1497 iniquitate
602 1415 732 1479 deletur.
767 1416 843 1480 illud
867 1433 950 1499 ergo,
974 1417 1056 1498 quod
1080 1417 1203 1496 asseris,
1227 1435 1299 1500 spe-

161 1519 237 1583 ciale
268 1519 428 1584 decretum
460 1519 632 1584 excluditur
662 1539 716 1604 per
746 1521 893 1604 generale
923 1519 1071 1584 iudicium
1102 1523 1143 1601 et,
1170 1521 1221 1603 qui
1243 1537 1298 1602 pro

161 1622 360 1705 improbitate
383 1623 560 1704 damnatur,
585 1624 701 1689 bonum
724 1625 826 1688 lacere
849 1624 987 1707 potuisse
1011 1625 1213 1689 oonninoitnr.
1325 1649 1350 1690 ro

708 1799 747 1863 X.

160 1941 202 1980 DE
224 1941 277 1998 ΕΟ,
300 1941 386 1989 Quot>
410 1941 557 1983 nauum
579 1941 686 1984 1111111111
707 1942 738 1983 lu
757 1941 854 1982 PRIMO
874 1941 994 1983 nomon
1014 1940 1174 1983 assulatim
1189 1942 1298 1984 mrum·

160 2027 227 2070 ISSE
250 2028 309 2069 11110
324 2029 385 2068 Pau
400 2027 556 2070 POSTBROS
571 2028 716 2070 Uxomssn
731 2027 833 2077 11801111
847 2027 891 2086 AD
906 2028 1099 2070 sauuaroms
1113 2029 1296 2071 ADUEN'l'UM.

203 2145 263 2210 Sed
294 2145 370 2210 dicis
400 2147 556 2210 naturalia
586 2145 670 2210 bona
702 2147 975 2210 commemoranda
1009 2163 1071 2210 non
1105 2164 1188 2227 esse,
1223 2146 1296 2227 quia

160 2253 232 2314 aute
264 2250 433 2314 aduentum
457 2249 574 2315 Christi
603 2269 800 2332 nequaquam
830 2255 940 2334 gentes
971 2249 1008 2314 ad
1041 2251 1174 2314 salutem
1201 2251 1297 2332 perti-
1324 2275 1349 2314 rc

161 2355 267 2418 unisse
297 2355 504 2418 manifestum·
525 2357 582 2418 est.
627 2355 681 2436 qui
703 2358 847 2418 naturam
871 2355 902 2418 in
926 2353 1016 2418 bouis
1040 2354 1104 2417 suis
1128 2357 1223 2438 negat
1245 2354 1298 2417 de·

161 2457 232 2522 bere
258 2459 438 2542 praedicari,
469 2459 569 2522 nescit
590 2459 728 2541 profecto
754 2459 858 2542 ipsum
885 2461 1013 2523 naturae
1037 2461 1195 2522 auctorem
1219 2477 1297 2538 esse,

160 2563 210 2644 qui
234 2563 352 2646 gratiae
376 2567 433 2627 est.
468 2561 525 2627 hoc
548 2563 601 2645 qui
622 2563 898 2646 inprudentissime
922 2567 1025 2646 negat,
1050 2565 1143 2646 negat
1167 2565 1297 2626 naturae

161 2665 275 2730 bonum
300 2671 385 2731 extra
408 2667 457 2731 dei
479 2667 637 2751 opificium
661 2671 692 2731 et
714 2671 769 2732 aut
791 2687 908 2731 numen
931 2668 1013 2749 quod
1037 2685 1106 2731 esse
1129 2666 1297 2730 arbitratur

160 2775 213 2836 ant
235 2771 346 2836 latum.
392 2789 463 2835 cum
491 2789 566 2836 nero
596 2771 663 2854 ipse
694 2773 736 2836 sit
766 2772 915 2852 eonditor,
943 2771 997 2854 qui
1020 2774 1188 2855 reparator,
1217 2789 1297 2834 nnus
1324 2797 1350 2835 20

160 2875 302 2957 idemque
331 2875 361 2939 in
392 2876 555 2958 utriusque
578 2877 680 2959 operis
702 2876 791 2940 laude
814 2875 1016 2956 benedicitur,
1047 2893 1129 2939 unus
1152 2874 1297 2956 idemque

162 2978 192 3043 in
215 2979 377 3062 utriusque
400 2979 501 3062 operis
523 2979 688 3062 praeconio
711 2978 896 3044 celebratm
931 2980 998 3044 iure
1014 2980 1118 3060 itaque
1135 2979 1297 3060 utriusque

162 3083 202 3146 rei
225 3101 340 3148 munus
369 3101 484 3164 assero,
515 3085 588 3166 quia
617 3103 668 3148 me
694 3084 739 3148 illi
762 3083 826 3148 scio
849 3083 971 3164 debere,
995 3083 1076 3166 quod
1100 3087 1296 3163 natussum,

161 3187 208 3250 oui
238 3187 346 3269 debeo,
378 3188 459 3271 quod
481 3191 610 3253 renatus
634 3207 714 3252 sum.
761 3191 793 3252 et
814 3191 978 3271 propterea
1000 3206 1062 3253 nou
1085 3187 1152 3250 ideo
1176 3187 1297 3270 negabo

162 3291 325 3357 conditoris
348 3291 438 3373 dona,
466 3293 538 3375 quia
559 3292 688 3376 perdidi,
720 3291 774 3356 sed
796 3294 898 3375 priora
919 3292 986 3356 ideo
1009 3292 1211 3374 sequentibus
1236 3309 1296 3355 non
1324 3319 1349 3358 25
1380 3307 1385 3318 ·

162 3395 347 3479 exaequabo,
378 3397 451 3479 quia
473 3397 688 3480 multipliciter
710 3396 742 3460 in
765 3397 878 3461 melius
901 3401 1045 3480 reparata
1068 3395 1198 3479 suscepi.
1246 3414 1297 3459 ex-

161 3501 265 3565 tollam
295 3501 447 3565 beneficia
475 3503 623 3582 creantis,
658 3501 713 3565 sed
743 3502 774 3564 in
805 3501 983 3565 inmensum
1013 3501 1188 3584 praeferam
1217 3501 1297 3564 radi·

162 3606 284 3670 mentis.

200 3709 246 3774 Ne
277 3709 308 3774 in
340 3709 399 3775 hoc
425 3710 551 3792 quidam
577 3709 707 3774 uidebor
729 3709 883 3790 incautus
907 3710 933 3774 si
955 3708 1112 3791 profitear,
1136 3708 1217 3791 quod
1240 3709 1296 3773 ali-

159 3815 303 3894 quotiens
327 3814 359 3878 in
382 3813 635 3898 dispositionibus
658 3815 772 3878 nostris
796 3832 858 3878 nou
881 3813 1007 3896 quidem
1024 3813 1155 3878 inuitae
1172 3817 1296 3878 nostrae
1323 3840 1349 3880 ao

203 4083 413 4153 lneglcxerito
464 4081 628 4137 oboedientis
646 4083 674 4138 P
723 4081 805 4149 aqui
823 4099 909 4138 omo
965 4080 1133 4150 obsequium]
1152 4084 1179 4136 et
1196 4081 1295 4136 oddo

157 4169 428 4238 tqnememmodum
446 4171 475 4224 P
542 4173 686 4238 acogente
704 4171 730 4222 ta
749 4169 776 4224 P
839 4167 972 4224 airoino
991 4169 1018 4222 P
1079 4170 1111 4224 13
1134 4168 1246 4222 uieuissa
1268 4168 1296 4221 P

160 4285 192 4338 16
209 4283 355 4351 praedicari
375 4281 503 4338 daberou
556 4285 588 4338 19
607 4249 703 4336 odmen
721 4283 748 4337 P
798 4283 830 4338 21
850 4281 988 4350 idemqnae
1006 4288 1030 4336 el
1048 4281 1201 4350 utriusquae
1218 4287 1292 4336 atro

156 4371 315 4440 qooelocoP
365 4369 444 4424 laudo
460 4371 530 4426 -22
549 4369 634 4439 operis
652 4387 733 4425 omo
784 4369 1142 4438 22itaquaautriusqnaeP
1193 4367 1292 4422 23scio

155 4455 195 4510 1111
214 4473 233 4511 e
282 4461 315 4514 29
334 4475 366 4512 ua
385 4457 424 4526 iu]
443 4473 524 4513 neco
576 4455 715 4524 aliquoties
732 4457 760 4510 P

1103 4544 1135 4594 fl*
