3222 5144
600 495 651 550 111.
670 495 824 566 Epistula
844 499 883 554 12.
1246 497 1310 563 219

171 669 333 735 dolabrum
356 670 467 736 domus
490 689 564 736 suae
586 675 772 755 cooperante
787 672 1008 754 misericordia,
1030 673 1160 756 iustitia,
1184 673 1312 739 sinceri-

172 777 247 856 tate,
270 775 471 856 continentia,
493 774 699 860 benignitate,
722 776 753 840 id
776 779 825 841 est
847 776 1026 842 domesticis
1055 778 1311 862 suffragatoribus

173 877 367 944 sublimaret.
406 897 477 944 ecce
508 881 592 963 quali
621 881 719 965 pretio
742 881 885 946 Ruricius
908 899 997 946 meus
1021 901 1179 947 summum
1211 901 1312 948 socer·

173 983 293 1049 dotium
308 984 499 1067 conparauit.
524 985 606 1050 unde
622 985 708 1066 emit,
728 985 833 1069 ipsum
850 989 908 1066 est,
925 987 1007 1068 quod
1023 987 1107 1068 amit,
1131 986 1312 1052 attactibus

172 1089 304 1172 propriis
335 1088 585 1155 adclamantibus
614 1091 647 1156 in
677 1109 711 1156 se
741 1091 866 1156 honoris
898 1109 1007 1156 causas
1037 1091 1158 1176 refugia
1187 1092 1311 1157 honoris
1352 1115 1365 1157 s

173 1192 321 1258 exhibuit.
345 1197 469 1259 tantum
491 1195 598 1278 itaque
619 1213 734 1260 munus
751 1195 809 1260 soit
827 1193 860 1259 in
877 1193 994 1260 Christi
1009 1195 1134 1260 nomine
1150 1195 1313 1278 custodire,

173 1298 228 1380 qui
251 1299 343 1363 sciuit
366 1299 536 1381 adquirere.

215 1402 339 1468 Harum
362 1407 468 1468 autem
491 1404 674 1487 portitorem
702 1407 847 1468 sanctum
877 1403 1097 1488 presbyterum
1120 1405 1313 1471 tierentium

174 1507 253 1572 mibi
275 1507 339 1572 iam
362 1509 413 1573 diu
437 1509 597 1592 cognitum
620 1510 652 1572 et
675 1509 824 1592 exemplis
840 1509 984 1592 magistri
1001 1512 1033 1574 et
1048 1527 1171 1574 morum
1185 1505 1313 1576 floribus

175 1612 369 1694 adornatum,
385 1613 532 1696 quoniam
547 1631 603 1697 pro
614 1629 782 1697 germanae
795 1630 870 1677 suae
882 1611 1076 1678 absolutione
1088 1615 1314 1698 peregrinatur,
1341 1639 1367 1678 10

174 1717 308 1797 insinuo,
332 1717 386 1800 qui
408 1717 484 1782 mibi
503 1721 691 1800 oportunum
710 1704 819 1801 gratus
839 1716 993 1783 mediator
1012 1717 1154 1801 ingessit.
1189 1735 1314 1783 omnem

176 1821 305 1886 domum
327 1824 478 1903 uestram,
502 1821 640 1886 seniores
663 1839 735 1886 cum
757 1820 941 1902 iunioribus,
972 1825 1102 1904 paterno
1126 1822 1314 1904 sospitamus

176 1923 299 1990 affectu.
338 1926 479 1990 conserui
502 1926 574 2007 mei,
598 1925 752 1990 debitores
776 1929 808 1990 et
830 1925 1032 1990 admiratores
1055 1925 1163 2006 uestri,
1189 1943 1315 1990 mecum

176 2029 428 2096 reuerentissime
452 2030 615 2114 sospitant.
654 2030 798 2096 dominus
821 2033 927 2095 noster
949 2029 1213 2114 magnificandam
1240 2030 1315 2094 mihi

175 2134 403 2200 beatitudinem
426 2139 514 2200 tuam
537 2133 686 2200 eeclesiae
702 2153 776 2200 suae
791 2133 981 2217 profectibus
998 2135 1175 2217 nostrisque
1194 2133 1315 2219 gaudiis
1343 2159 1368 2199 ro

176 2239 316 2323 perfecta
336 2239 549 2322 longaeuitate
569 2242 742 2320 consemet,
766 2238 891 2304 domine
910 2237 1103 2320 beatissime,
1127 2238 1232 2304 debita
1250 2238 1319 2321 pier

177 2346 242 2408 tate
265 2343 461 2427 suspiciende
485 2346 579 2426 atque
602 2342 773 2427 apostolica
795 2341 867 2408 sede
891 2342 1073 2428 dignissime
1095 2343 1200 2409 irater.

219 2566 474 2636 abemgmaoes
541 2566 730 2637 3praecioS
807 2565 946 2635 breiugia
964 2584 988 2635 o,
1006 2565 1101 2636 refuga
1125 2567 1317 2624 SKrrescbiur

178 2657 210 2712 10
229 2653 355 2723 quoniam
375 2653 536 2722 Kncsebios,
554 2669 606 2722 quo
630 2655 657 2718 S,
677 2653 756 2722 quio
808 2652 1055 2723 peregrinanturd
1106 2655 1136 2710 ll
1156 2655 1318 2724 oportunum

176 2760 200 2810 v,
220 2741 356 2810 oportuni
370 2741 399 2808 S,
422 2743 571 2810 opportuna
583 2741 744 2810 Knoscbiaa,
762 2741 811 2810 gui
828 2741 859 2794 o'n
876 2741 948 2796 notis
967 2738 1122 2794 facultatem
1140 2742 1256 2809 sortasse
1274 2741 1317 2796 dc·

176 2828 296 2886 είάιταή
314 2829 381 2884 dicit
433 2844 500 2884 oum
511 2830 671 2898 oportunam
685 2827 818 2896 (gratiam)
832 2827 1127 2896 gratusooribeordum?
1181 2828 1318 2895 lignatus

177 2934 261 2972 omo
324 2915 500 2971 mediaturS
562 2917 594 2970 12
612 2917 729 2968 uestram
747 2915 910 2983 Knesobius,
927 2914 1089 2969 nostramS
1149 2916 1273 2982 paternos
1297 2913 1321 2970 S

178 3002 343 3072 sospitamus
375 3003 398 3058 S
467 3004 500 3057 13
529 3001 713 3054 ammiratores
745 3003 768 3058 S
834 3003 953 3054 uestrum
983 3017 1000 3056 c
1071 3001 1104 3055 14
1134 2999 1268 3070 sospitant
1298 3001 1322 3058 S

181 3091 214 3146 16
231 3088 310 3158 longe
329 3089 443 3146 uiues
494 3087 663 3144 conseruitS

186 3665 329 3735 Ερίείαῑαι
355 3665 394 3720 ud
415 3665 550 3720 Fuorstam
573 3683 591 3720 c
613 3664 728 3722 Ruricio
755 3664 835 3720 datae
861 3665 938 3733 infru
963 3665 1034 3719 inor
1059 3665 1189 3735 spicatas
1211 3664 1321 3722 arcese

642 3752 853 3807 recensebantur.
