3264 5134
204 505 207 518 .
313 457 354 522 68
774 453 795 510 Ι.
814 453 859 510 De
877 456 985 524 gretie

313 632 431 717 gratiae
443 632 571 716 largitas
584 634 642 712 est,
658 631 739 712 quod
752 630 976 714 professionem
989 629 1114 695 creditis
1127 647 1189 694 non
1202 628 1448 708 accommodant,

314 737 429 800 mentis
459 735 629 820 inprobitas
664 739 711 800 est
741 739 772 799 et
805 736 942 819 inpletur
971 736 1003 800 in
1034 735 1091 798 eis:
1126 735 1187 817 qui
1222 738 1344 798 eutem
1378 751 1447 798 non

313 840 441 921 hebet,
465 841 577 905 etiam
600 840 694 922 quod
716 839 829 904 hebet
851 840 1043 904 auferetur
1066 839 1109 904 ab
1133 858 1183 904 eo.

355 946 434 1009 lloce
454 945 606 1027 quomodo
626 943 743 1009 bonum
763 943 934 1009 uoluntatis
956 947 986 1008 et
1005 943 1077 1007 fidei
1098 943 1235 1008 admixta
1255 942 1378 1007 malitie
1396 941 1447 1005 de-

272 1077 285 1118 e
311 1050 465 1134 prauauit,
486 1050 567 1114 sient
587 1050 647 1114 alio
667 1049 733 1113 loeo
753 1049 785 1114 in
805 1048 913 1113 eodem
935 1049 1097 1132 euangelio
1117 1048 1182 1132 ipse
1198 1047 1343 1112 dominus
1360 1046 1446 1111 dicit:

312 1155 491 1238 quomodo
511 1155 672 1238 potestis
692 1172 756 1219 uos
777 1155 941 1235 eredere,
964 1153 1026 1236 qui
1046 1153 1204 1237 gloriam
1225 1152 1267 1216 ab
1284 1152 1446 1216 inuicem

312 1259 487 1344 accipitis
503 1263 540 1324 et
553 1259 726 1344 gloriam,
743 1277 836 1340 quae
852 1276 872 1322 a
886 1259 964 1323 solo
981 1261 1038 1322 est
1053 1259 1132 1338 deo,
1154 1275 1224 1322 non
1245 1256 1446 1339 quaeritis?

311 1364 397 1429 uides
428 1382 510 1448 ergo,
541 1364 624 1446 quia,
655 1363 735 1428 siout
763 1362 937 1447 subpressis
965 1362 1066 1427 causis
1094 1361 1294 1426 absconditur
1322 1361 1446 1438 ueritas,

310 1469 356 1534 ite
377 1469 553 1533 monilestis
575 1471 755 1532 remoretur
777 1467 960 1548 obscuritas,
983 1485 1063 1549 quae
1086 1467 1118 1530 in
1136 1467 1246 1530 lissiae
1268 1464 1446 1530 testimonio

260 1601 284 1641 ro
311 1574 468 1639 densiores
484 1573 576 1657 paulo
592 1571 723 1637 nebulas
739 1572 863 1638 uidetur
877 1571 1041 1652 obducere,
1061 1571 1135 1635 dum
1152 1589 1214 1652 eos,
1231 1587 1308 1652 quos
1323 1568 1447 1652 proprie

310 1679 449 1760 nequitia
471 1678 580 1742 surdos
603 1695 772 1760 caecosque
795 1677 979 1758 reddiderat,
1002 1695 1021 1741 a
1041 1676 1096 1740 deo
1120 1675 1233 1740 asserit
1255 1673 1446 1752 obcaecetos,

310 1783 448 1848 neforto
469 1800 617 1848 conuerso
639 1782 677 1846 ed
698 1783 791 1846 deum
810 1782 901 1847 eorde
923 1783 1082 1846 sanentur.
1107 1781 1211 1862 itaque
1231 1782 1266 1844 ut
1284 1778 1446 1862 paululum

310 1887 499 1968 differemus,
523 1887 604 1970 quod
627 1886 808 1952 Matthaeus
831 1877 966 1969 apertius
991 1886 1130 1950 elocutus
1157 1888 1215 1964 est,
1243 1884 1328 1947 iuxta
1349 1882 1445 1964 ipsius

310 1992 463 2056 sermonis
489 1991 638 2075 rigorem,
667 1992 719 2073 qui
747 2010 783 2055 er
810 1990 913 2055 uerbis
939 1990 1109 2074 prophetae
1137 1989 1290 2054 austerius
1313 1986 1447 2071 percutit

259 2122 283 2162 e
309 2096 441 2179 legentis
465 2096 621 2178 auditum,
645 2096 740 2160 altius
762 2095 968 2178 requiremus,
995 2113 1090 2177 quere
1112 2093 1171 2159 hoe
1194 2094 1261 2159 loeo
1284 2092 1366 2156 nolle
1388 2110 1445 2174 pu·

310 2204 392 2264 tetur
409 2200 562 2281 dominns,
584 2203 619 2264 ut
635 2204 793 2282 sanentur,
813 2200 845 2264 id
865 2203 923 2281 est,
944 2219 983 2264 ne
1004 2203 1225 2265 momentanea
1244 2197 1445 2263 conuersione

309 2309 455 2387 suscepta
479 2305 609 2369 conlatis
632 2303 791 2369 beneficiis
816 2302 994 2384 abutantur,
1021 2303 1068 2368 ira
1090 2321 1162 2367 oum
1184 2301 1306 2387 probati
1329 2301 1445 2366 fuerint

308 2413 454 2494 suscepte
489 2410 662 2493 neglexisse
697 2427 733 2473 ee
767 2409 923 2493 respuisse
959 2409 1095 2472 recidiua
1128 2407 1307 2472 infirmitate
1348 2406 1444 2470 medi-

308 2514 420 2595 cinam,
444 2514 525 2578 siout
547 2513 608 2595 ille,
633 2514 672 2578 ad
695 2533 788 2595 quem
811 2515 876 2596 ipse
900 2513 1042 2578 dominus
1065 2513 1214 2595 loquitur:
1238 2512 1309 2575 iam
1332 2529 1443 2575 senus

255 2646 282 2686 rc
308 2619 435 2683 faetus
463 2637 515 2700 es,
542 2618 620 2683 noli
646 2636 814 2700 peecare,
842 2637 885 2682 ne
913 2617 1077 2682 deterius
1103 2615 1174 2681 tibi
1200 2615 1340 2698 aliquid
1363 2633 1444 2680 con-

307 2723 438 2807 unget

349 2826 489 2892 Aduerte
511 2827 651 2892 bonitate
679 2827 820 2892 sanitatis
847 2826 978 2908 impium
1001 2825 1209 2910 praegraueri.
1256 2825 1300 2890 sio
1323 2824 1443 2889 Pharao

305 2931 473 2996 insultasse
497 2931 735 3016 deprehenditur
757 2931 984 2996 misericordiae
1007 2931 1069 3013 dei,
1096 2949 1189 3012 quem
1213 2930 1354 2994 addictus
1377 2930 1443 3014 ple-

306 3053 418 3118 garum
440 3036 675 3119 resipiscentem
698 3040 730 3101 et
752 3039 985 3102 conuertentem
1009 3039 1040 3101 et
1059 3035 1277 3100 humiliantem
1301 3054 1344 3115 se,
1367 3051 1443 3116 quo·

254 3165 279 3204 2⁵
307 3139 388 3203 tiens
413 3157 523 3204 sanare
546 3142 659 3222 uoluit,
682 3142 797 3206 totiens
820 3141 1005 3206 deteriorem
1029 3159 1097 3206 csse
1119 3145 1191 3224 post
1213 3139 1442 3204 humanitatem

305 3243 489 3308 clementiae
507 3244 720 3328 deprehendit.
749 3264 855 3328 quere,
870 3247 1007 3330 inquam,
1024 3247 1101 3310 istos
1118 3263 1228 3310 sanare
1244 3244 1442 3308 dissimulet?

305 3367 344 3412 ne
364 3347 442 3413 hant
461 3348 568 3431 ntique
588 3350 672 3414 illius
695 3351 822 3430 similes,
846 3350 906 3432 qui
929 3367 1041 3433 supra
1062 3353 1211 3432 petrose
1233 3349 1441 3412 seminatus

306 3455 376 3532 est,
409 3453 441 3516 id
472 3457 533 3534 est,
568 3454 628 3535 qui
665 3455 707 3519 ed
742 3457 968 3519 momentum
1003 3472 1084 3518 oum
1117 3454 1251 3538 gaudio
1284 3453 1443 3534 suscipit

305 3555 473 3638 uerbum,
502 3559 564 3640 qui
588 3558 631 3622 ad
654 3561 800 3641 tempus
824 3559 943 3623 credit
969 3561 1005 3623 et
1031 3559 1066 3622 in
1093 3562 1257 3642 tempore
1284 3560 1442 3639 tempta-

252 3687 278 3725 ao
304 3661 420 3725 tionis
443 3661 593 3726 recedit.
632 3663 775 3744 quidest
797 3667 1050 3728 momentaneam
1073 3663 1229 3744 suscipere
1252 3662 1441 3726 sanitatem?

303 3765 333 3829 id
357 3769 405 3830 est
427 3766 465 3830 ed
485 3769 610 3850 tempus
630 3767 754 3830 credere
775 3771 807 3831 ot
825 3768 857 3833 in
877 3770 1016 3851 tempore
1037 3767 1249 3850 temptationis
1268 3785 1324 3849 pro
1345 3765 1440 3830 animi

407 3921 652 4061 2]L11atth.1e‚12.
706 3921 734 3992 6]
747 3921 839 3976 Ioann.
852 3926 877 3986 5,
886 3923 927 3978 44.
983 3921 1027 3991 19]
1043 3921 1225 3986 Ioenn.5,14.
1279 3921 1325 3991 27]
1344 3921 1439 3976 Mettb.

305 4009 406 4072 13,20;
448 4011 586 4074 ue.8‚13.

345 4145 462 4201 ocrede
480 4147 509 4201 P
576 4147 609 4202 ab
631 4165 766 4218 ercpromr.
786 4147 822 4201 1³¹
892 4145 1139 4216 8subpreeesirP
1210 4151 1241 4204 10
1263 4146 1395 4202 dentiores
1413 4147 1441 4204 P

305 4235 334 4288 ll
355 4235 552 4301 ceeoosquaeP
603 4237 635 4290 12
653 4235 758 4302 itaquae
772 4235 800 4289 P
851 4235 882 4288 13
896 4233 1059 4292 methensP
1111 4234 1314 4305 ltlreecripsr',
1333 4236 1399 4290 iram
1413 4236 1440 4289 P

304 4322 336 4376 18
358 4325 541 4389 susceptemo
592 4323 626 4376 22
644 4322 825 4390 expectares
843 4321 964 4375 senentis
1016 4323 1050 4378 23
1069 4320 1292 4391 deprehenditur
1309 4325 1337 4377 P
1391 4321 1438 4375 ad-

302 4405 417 4472 ictusR
466 4409 500 4463 26
519 4407 709 4476 depraehendit
726 4408 754 4462 P
803 4410 837 4463 27
856 4408 964 4477 utiquee
983 4409 1011 4464 P
