3222 5144
601 509 667 564 IIII.
686 509 795 563 Sermo
815 512 855 566 16.
1236 508 1299 574 285

161 686 225 748 dies
249 687 343 766 euim,
368 687 480 749 tratres
504 686 666 766 carissimi,
691 689 817 749 sanctae
840 685 1106 767 quadragesimae,
1130 685 1156 748 si
1172 685 1301 768 diligen-

161 793 206 852 ter
227 789 444 870 adtendamus
469 790 567 854 uitam
588 790 704 854 saeculi
726 789 901 872 praesentis
923 787 1108 872 significant,
1132 789 1213 853 sicut
1235 789 1300 854 dies

159 893 294 976 paschae
322 898 483 958 aeternam
511 894 736 958 beatitudinem
763 893 984 978 praefigurant.
1031 896 1062 956 et
1090 893 1242 974 quomodo
1270 894 1301 957 in

159 999 399 1082 quadragesima
421 1001 509 1081 quasi
533 1000 692 1064 tristitiam
715 999 879 1079 habemus
907 998 995 1062 utin
1024 998 1140 1081 paseha
1162 998 1302 1081 legitimo

160 1102 265 1166 ordine
296 1105 499 1188 gaudeamus
531 1107 575 1168 sic
604 1109 634 1168 et
661 1103 693 1167 in
723 1104 781 1167 hoe
809 1103 943 1183 saeculo,
975 1102 1123 1184 quamdiu
1153 1102 1301 1181 uiuimus,
1341 1129 1354 1167 s

159 1207 384 1288 paenitentiam
408 1228 499 1292 agere
523 1207 683 1288 debemus,
712 1211 747 1271 ut
768 1207 813 1290 <in
840 1209 944 1272 futuro
966 1207 1179 1291 peecatorum>
1201 1207 1302 1270 indul-

159 1312 299 1393 gentiam
319 1313 458 1395 accipere
475 1316 506 1376 et
527 1312 566 1376 ad
590 1316 753 1376 aeternum
776 1311 925 1395 gaudium
950 1311 1111 1394 peruenire
1134 1311 1299 1394 possimus

160 1416 214 1478 sed
237 1417 281 1480 ita
304 1416 397 1480 debet
418 1417 632 1499 unusquisque
655 1435 710 1499 pro
734 1417 799 1480 suis
816 1416 999 1480 criminibus
1023 1415 1189 1499 suspirare,
1212 1415 1302 1478 lacri-

159 1537 229 1583 mas
252 1521 392 1601 tundere,
423 1521 610 1604 elimosynas
634 1521 717 1601 dare,
745 1525 781 1584 ut
804 1521 860 1584 deo
883 1520 1061 1600 auxiliante,
1085 1520 1233 1602 quamdiu
1257 1520 1302 1582 ui-

160 1623 219 1704 uit,
251 1643 374 1708 semper
404 1625 536 1689 crimina
566 1625 634 1708 ipsa
661 1629 789 1690 conetur
823 1625 968 1708 effugere.
1014 1625 1095 1688 sieut
1122 1624 1206 1688 enim
1234 1623 1302 1688 sine
1330 1649 1354 1689 ιο

162 1727 293 1792 minutis
315 1730 452 1812 peccatis
476 1729 581 1793 nullus
605 1747 754 1811 umquam
778 1717 835 1793 aut
854 1729 915 1793 fuit
938 1733 993 1792 aut
1016 1748 1083 1792 esse
1106 1729 1229 1812 poterit,
1259 1729 1303 1792 ita

159 1833 227 1896 siue
250 1832 435 1915 capitalibus
462 1833 644 1898 criminibus
668 1833 803 1898 donante
826 1833 883 1897 deo
910 1837 943 1896 et
964 1833 1130 1896 ausiliante
1157 1831 1301 1896 omuibus

159 1937 260 2000 modis
284 1956 353 2001 esse
376 1937 535 2002 debemus.

202 2040 244 2104 Et
270 2044 305 2104 ut
331 2042 408 2106 haee
431 2040 571 2106 obtinere
598 2042 766 2124 possimus,
795 2042 822 2106 si
850 2060 906 2106 nos
930 2041 990 2106 alio
1017 2045 1156 2123 tempore
1184 2041 1302 2123 inpedi-

159 2149 268 2208 menta
283 2146 391 2210 mundi
407 2146 549 2210 detinent
565 2145 756 2229 obligandae,
780 2147 830 2210 uel
846 2146 877 2209 in
894 2145 1003 2210 diebus
1020 2149 1146 2209 sanetae
1170 2146 1302 2228 quadra·
1329 2171 1354 2210 rs

158 2250 298 2332 gesimae
320 2251 352 2313 in
375 2249 444 2334 lege
468 2250 593 2331 domini,
622 2251 703 2314 sieut
726 2251 877 2333 scriptum
900 2254 957 2330 est,
986 2249 1034 2313 die
1057 2253 1214 2332 noctuque
1237 2269 1303 2313 me-

158 2354 294 2418 ditemur
317 2357 349 2418 et
371 2354 416 2418 ita
437 2372 489 2418 eor
512 2358 653 2418 nostrum
677 2355 801 2418 diuinae
824 2355 903 2438 legis
927 2354 1090 2418 dulcedine
1113 2355 1301 2437 repleamus,

160 2462 194 2522 ut
225 2459 255 2522 in
283 2457 373 2523 nobis
400 2459 521 2524 nullum
549 2460 653 2523 locum
681 2459 849 2524 uirtutibus
878 2477 1022 2539 uacuum,
1045 2478 1140 2540 quem
1162 2459 1302 2523 obtinere

159 2563 283 2646 possint
305 2563 391 2644 uitia,
419 2563 641 2645 relinquemus.
688 2564 768 2628 sicut
795 2565 878 2628 enim
906 2568 1044 2647 tempore
1072 2563 1223 2628 messium
1250 2564 1300 2626 uel

159 2667 405 2748 uindemiarum,
439 2669 550 2732 tratres
581 2668 749 2748 carissimi,
780 2669 863 2732 unde
893 2686 964 2732 earo
994 2671 1102 2732 nostra
1131 2669 1300 2732 sustentari
1328 2693 1354 2732 so

159 2771 270 2854 possit,
293 2772 459 2855 colligitur,
483 2773 528 2836 ita
549 2773 581 2836 in
597 2773 706 2836 diebus
730 2773 985 2856 quadragesimae
1001 2773 1091 2854 quasi
1114 2773 1300 2854 spiritalium

160 2876 389 2940 uindemiarum
422 2877 473 2941 uel
507 2878 657 2942 messium
691 2881 841 2960 tempore,
876 2877 957 2940 unde
991 2877 1097 2940 anima
1130 2881 1236 2941 nostra
1269 2879 1301 2942 in

158 2983 322 3044 aeternum
355 2981 455 3063 possit
486 2981 610 3061 uiuere,
646 2984 869 3064 congregetur,
907 2981 995 3062 quia,
1024 2981 1105 3044 sieut
1132 2982 1300 3064 neglegens

159 3085 291 3166 quisque
318 3089 457 3168 tempore
480 3085 710 3149 uindemiarum
733 3086 783 3149 uel
808 3085 958 3149 messium
981 3083 1058 3148 nihil
1075 3086 1223 3168 colligens
1246 3105 1301 3169 per

159 3191 263 3253 totum
286 3189 360 3254 anni
383 3191 519 3272 spatium
541 3190 625 3254 tame
647 3189 850 3272 torquebitur,
874 3190 929 3269 ita,
952 3189 1057 3272 quiin
1080 3190 1138 3253 hoc
1161 3194 1301 3273 tempore
1328 3217 1354 3256 2⁵

160 3293 300 3376 spiritale
317 3293 455 3358 triticum
471 3297 503 3358 et
518 3295 651 3359 caeleste
668 3297 808 3359 mustum
824 3293 1000 3374 ieiunando,
1022 3295 1163 3377 legendo,
1187 3295 1301 3359 orando

268 3519 312 3588 16]
331 3519 430 3573 Psalm.
445 3521 468 3582 1,
481 3522 505 3574 2.

207 3737 358 3807 lsanctae]
378 3737 482 3808 stemus
501 3739 530 3794 D
592 3736 812 3806 quadragensime
831 3739 860 3793 D
922 3738 1046 3792 dilienter
1065 3739 1093 3793 D
1153 3739 1300 3807 lquadra-

160 3825 283 3893 gelasium
310 3826 339 3880 D
409 3824 524 3878 tristiam
553 3825 582 3879 D
650 3824 795 3878 habeamus
823 3827 852 3879 D
922 3825 993 3880 bin
1017 3825 1107 3878 futuro
1130 3830 1299 3894 peecatorum

160 3913 269 3980 addicti,
287 3929 337 3968 om.
352 3913 389 3980 D,
407 3912 436 3966 in
453 3910 545 3966 futuro
563 3912 883 4014 possimusfpeccatorum
906 3915 977 3981 Aug.
1049 3915 1066 3968 8
1088 3913 1249 3966 oraminibus
1274 3915 1302 3968 D

160 4025 392 4094 aelymosinasD
440 4027 472 4079 10
485 4025 642 4079 creminaD
689 4025 795 4093 cingere
809 4027 837 4079 D
886 4027 917 4080 12
931 4023 1092 4078 creminibus
1107 4027 1134 4079 1)
1189 4027 1300 4094 l3esso]

160 4127 302 4182 possumus
320 4115 347 4165 et
364 4111 427 4167 auu.
441 4114 512 4182 Aug.
577 4116 607 4167 15
626 4111 757 4180 obligatos
776 4113 846 4182 Acp.
909 4117 999 4182 sanotq
1019 4112 1027 4180 ,l
1046 4113 1075 4165 D
1136 4111 1300 4180 quadragen-

161 4199 229 4252 sime
253 4198 282 4252 D
335 4201 367 4254 16
390 4201 506 4266 nutuque
529 4199 558 4253 D
621 4201 651 4253 17
671 4197 805 4252 dulcidius
824 4198 853 4253 D
909 4198 1058 4267 repleamur
1076 4198 1105 4252 D
1159 4199 1299 4268 laquem]

161 4285 245 4357 q(=
270 4285 400 4354 quod)D
468 4284 747 4342 acrimoniarum
767 4287 796 4340 D
869 4288 901 4340 21
922 4285 1108 4354 collegiturD
1161 4287 1250 4340 XLme
1272 4289 1301 4341 D

160 4375 196 4428 22
214 4371 300 4426 nenda
318 4387 437 4427 mearum
456 4373 486 4427 D
537 4375 629 4426 nostra
645 4389 677 4426 ec
695 4375 781 4426 rostra
798 4372 828 4426 D
883 4375 918 4427 23
940 4377 1114 4448 congregetur
1136 4375 1217 4444 Aug,
1239 4389 1300 4427 eon-

161 4462 290 4529 gregatur
308 4459 337 4514 D
389 4461 423 4515 24
441 4457 646 4514 uendemoarum
665 4459 695 4514 D
