<?xml version="1.0" encoding="UTF-8"?>
<!DOCTYPE html PUBLIC "-//W3C//DTD XHTML 1.0 Transitional//EN"
    "http://www.w3.org/TR/xhtml1/DTD/xhtml1-transitional.dtd">
<html xmlns="http://www.w3.org/1999/xhtml" xml:lang="en" lang="en">
 <head>
  <title>
</title>
<meta http-equiv="Content-Type" content="text/html;charset=utf-8" />
  <meta name='ocr-system' content='tesseract 3.04.00' />
  <meta name='ocr-capabilities' content='ocr_page ocr_carea ocr_par ocr_line ocrx_word'/>
</head>
<body>
  <div class='ocr_page' id='page_1' title='image "./praetersermones01fausgoog/praetersermones01fausgoog_0336.png"; bbox 0 0 3222 5144; ppageno 0'>
   <div class='ocr_carea' id='block_1_1' title="bbox 622 469 1311 533">
    <p class='ocr_par' dir='ltr' id='par_1_1' title="bbox 622 469 1311 533">
     <span class='ocr_line' id='line_1_1' title="bbox 622 469 1311 533; baseline 0.015 -10"><span class='ocrx_word' id='word_1_1' title='bbox 622 469 687 524; x_wconf 90' lang='lat'><em>1111.</em></span> <span class='ocrx_word' id='word_1_2' title='bbox 707 470 816 524; x_wconf 87' lang='lat' dir='ltr'>Sermo</span> <span class='ocrx_word' id='word_1_3' title='bbox 835 473 858 524; x_wconf 83' lang='lat'>7.</span> <span class='ocrx_word' id='word_1_4' title='bbox 1247 469 1311 533; x_wconf 75' lang='grc'>249</span> 
     </span>
    </p>
   </div>
   <div class='ocr_carea' id='block_1_2' title="bbox 158 645 1362 3553">
    <p class='ocr_par' dir='ltr' id='par_1_2' title="bbox 158 645 1362 3553">
     <span class='ocr_line' id='line_1_2' title="bbox 171 645 1310 733; baseline -0.002 -20"><span class='ocrx_word' id='word_1_5' title='bbox 171 667 251 731; x_wconf 90' lang='lat' dir='ltr'>quas</span> <span class='ocrx_word' id='word_1_6' title='bbox 274 667 336 713; x_wconf 93' lang='lat' dir='ltr'>non</span> <span class='ocrx_word' id='word_1_7' title='bbox 360 649 518 733; x_wconf 83' lang='lat' dir='ltr'>angelum,</span> <span class='ocrx_word' id='word_1_8' title='bbox 541 668 603 713; x_wconf 93' lang='lat' dir='ltr'>non</span> <span class='ocrx_word' id='word_1_9' title='bbox 628 647 861 732; x_wconf 77' lang='lat' dir='ltr'>archangelum,</span> <span class='ocrx_word' id='word_1_10' title='bbox 886 647 939 710; x_wconf 91' lang='lat' dir='ltr'>sed</span> <span class='ocrx_word' id='word_1_11' title='bbox 962 646 1048 710; x_wconf 80' lang='lat' dir='ltr'>misit</span> <span class='ocrx_word' id='word_1_12' title='bbox 1070 645 1163 709; x_wconf 88' lang='lat' dir='ltr'>deum</span> <span class='ocrx_word' id='word_1_13' title='bbox 1187 647 1225 710; x_wconf 91' lang='lat' dir='ltr'>ad</span> <span class='ocrx_word' id='word_1_14' title='bbox 1248 649 1310 711; x_wconf 90' lang='lat' dir='ltr'>ter·</span> 
     </span>
     <span class='ocr_line' id='line_1_3' title="bbox 168 751 1311 837; baseline -0.002 -20"><span class='ocrx_word' id='word_1_15' title='bbox 168 771 231 817; x_wconf 89' lang='lat' dir='ltr'>ras.</span> <span class='ocrx_word' id='word_1_16' title='bbox 279 772 372 836; x_wconf 89' lang='lat' dir='ltr'>quam</span> <span class='ocrx_word' id='word_1_17' title='bbox 405 754 510 837; x_wconf 89' lang='lat' dir='ltr'>grauis</span> <span class='ocrx_word' id='word_1_18' title='bbox 545 755 587 819; x_wconf 89' lang='lat' dir='ltr'>sit</span> <span class='ocrx_word' id='word_1_19' title='bbox 620 754 750 837; x_wconf 88' lang='lat' dir='ltr'>peccati,</span> <span class='ocrx_word' id='word_1_20' title='bbox 786 769 880 835; x_wconf 89' lang='lat' dir='ltr'>quarn</span> <span class='ocrx_word' id='word_1_21' title='bbox 917 751 994 815; x_wconf 88' lang='lat' dir='ltr'>dura</span> <span class='ocrx_word' id='word_1_22' title='bbox 1027 751 1174 831; x_wconf 90' lang='lat' dir='ltr'>condicio,</span> <span class='ocrx_word' id='word_1_23' title='bbox 1208 751 1311 833; x_wconf 89' lang='lat' dir='ltr'>prodit</span> 
     </span>
     <span class='ocr_line' id='line_1_4' title="bbox 167 855 1310 942; baseline -0.002 -21"><span class='ocrx_word' id='word_1_24' title='bbox 167 857 299 922; x_wconf 82' lang='lat' dir='ltr'>remedii</span> <span class='ocrx_word' id='word_1_25' title='bbox 321 858 515 942; x_wconf 88' lang='lat' dir='ltr'>magnitudo.</span> <span class='ocrx_word' id='word_1_26' title='bbox 561 863 679 941; x_wconf 86' lang='lat' dir='ltr'>quanta</span> <span class='ocrx_word' id='word_1_27' title='bbox 702 858 855 922; x_wconf 89' lang='lat' dir='ltr'>malorum</span> <span class='ocrx_word' id='word_1_28' title='bbox 879 856 1029 920; x_wconf 88' lang='lat' dir='ltr'>discussio</span> <span class='ocrx_word' id='word_1_29' title='bbox 1053 855 1121 935; x_wconf 87' lang='lat' dir='ltr'>erit,</span> <span class='ocrx_word' id='word_1_30' title='bbox 1145 873 1207 938; x_wconf 88' lang='lat' dir='ltr'>qua</span> <span class='ocrx_word' id='word_1_31' title='bbox 1222 856 1310 920; x_wconf 90' lang='lat' dir='ltr'>dam-</span> 
     </span>
     <span class='ocr_line' id='line_1_5' title="bbox 169 961 1330 1044; baseline -0.002 -19"><span class='ocrx_word' id='word_1_32' title='bbox 169 961 340 1042; x_wconf 88' lang='lat' dir='ltr'>nabuntur,</span> <span class='ocrx_word' id='word_1_33' title='bbox 364 963 537 1028; x_wconf 91' lang='lat' dir='ltr'>sollicitudo</span> <span class='ocrx_word' id='word_1_34' title='bbox 560 961 684 1043; x_wconf 87' lang='lat' dir='ltr'>indicat,</span> <span class='ocrx_word' id='word_1_35' title='bbox 709 981 771 1044; x_wconf 86' lang='lat' dir='ltr'>qua</span> <span class='ocrx_word' id='word_1_36' title='bbox 793 961 997 1026; x_wconf 88' lang='lat' dir='ltr'>redimuntur.</span> <span class='ocrx_word' id='word_1_37' title='bbox 1325 965 1330 974; x_wconf 86' lang='lat'>&#39;</span> 
     </span>
     <span class='ocr_line' id='line_1_6' title="bbox 212 1065 1362 1152; baseline 0.001 -20"><span class='ocrx_word' id='word_1_38' title='bbox 212 1067 307 1132; x_wconf 92' lang='lat' dir='ltr'>Omni</span> <span class='ocrx_word' id='word_1_39' title='bbox 324 1086 397 1150; x_wconf 88' lang='lat' dir='ltr'>ergo</span> <span class='ocrx_word' id='word_1_40' title='bbox 420 1067 583 1152; x_wconf 87' lang='lat' dir='ltr'>uigilantia</span> <span class='ocrx_word' id='word_1_41' title='bbox 606 1071 699 1149; x_wconf 87' lang='lat' dir='ltr'>atque</span> <span class='ocrx_word' id='word_1_42' title='bbox 722 1066 882 1150; x_wconf 91' lang='lat' dir='ltr'>diligentia</span> <span class='ocrx_word' id='word_1_43' title='bbox 904 1083 1081 1146; x_wconf 88' lang='lat' dir='ltr'>caueamus,</span> <span class='ocrx_word' id='word_1_44' title='bbox 1105 1083 1144 1129; x_wconf 91' lang='lat' dir='ltr'>ne</span> <span class='ocrx_word' id='word_1_45' title='bbox 1167 1065 1311 1130; x_wconf 85' lang='lat' dir='ltr'>uulnerat</span> <span class='ocrx_word' id='word_1_46' title='bbox 1350 1095 1362 1133; x_wconf 60' lang='grc' dir='ltr'>,ε</span> 
     </span>
     <span class='ocr_line' id='line_1_7' title="bbox 166 1169 1310 1254; baseline 0 -20"><span class='ocrx_word' id='word_1_47' title='bbox 166 1171 322 1250; x_wconf 87' lang='lat' dir='ltr'>diabolus,</span> <span class='ocrx_word' id='word_1_48' title='bbox 343 1171 424 1254; x_wconf 92' lang='lat' dir='ltr'>quod</span> <span class='ocrx_word' id='word_1_49' title='bbox 441 1173 564 1236; x_wconf 86' lang='lat' dir='ltr'>sanauit</span> <span class='ocrx_word' id='word_1_50' title='bbox 578 1172 665 1251; x_wconf 89' lang='lat' dir='ltr'>deus,</span> <span class='ocrx_word' id='word_1_51' title='bbox 688 1191 727 1236; x_wconf 90' lang='lat' dir='ltr'>ne</span> <span class='ocrx_word' id='word_1_52' title='bbox 743 1191 798 1254; x_wconf 92' lang='lat' dir='ltr'>per</span> <span class='ocrx_word' id='word_1_53' title='bbox 813 1189 1000 1235; x_wconf 90' lang='lat' dir='ltr'>consensum</span> <span class='ocrx_word' id='word_1_54' title='bbox 1016 1169 1126 1249; x_wconf 83' lang='lat' dir='ltr'>cordia,</span> <span class='ocrx_word' id='word_1_55' title='bbox 1150 1188 1205 1251; x_wconf 93' lang='lat' dir='ltr'>per</span> <span class='ocrx_word' id='word_1_56' title='bbox 1220 1169 1310 1254; x_wconf 90' lang='lat' dir='ltr'>flagi-</span> 
     </span>
     <span class='ocr_line' id='line_1_8' title="bbox 167 1274 1309 1359; baseline -0.001 -20"><span class='ocrx_word' id='word_1_57' title='bbox 167 1277 247 1340; x_wconf 91' lang='lat' dir='ltr'>tium</span> <span class='ocrx_word' id='word_1_58' title='bbox 272 1275 407 1359; x_wconf 88' lang='lat' dir='ltr'>corporis</span> <span class='ocrx_word' id='word_1_59' title='bbox 430 1277 625 1356; x_wconf 88' lang='lat' dir='ltr'>seruitutem,</span> <span class='ocrx_word' id='word_1_60' title='bbox 653 1295 749 1358; x_wconf 88' lang='lat' dir='ltr'>quarn</span> <span class='ocrx_word' id='word_1_61' title='bbox 772 1275 923 1340; x_wconf 92' lang='lat' dir='ltr'>debemus</span> <span class='ocrx_word' id='word_1_62' title='bbox 946 1274 1072 1338; x_wconf 91' lang='lat' dir='ltr'>domino</span> <span class='ocrx_word' id='word_1_63' title='bbox 1100 1274 1200 1356; x_wconf 89' lang='lat' dir='ltr'>magis</span> <span class='ocrx_word' id='word_1_64' title='bbox 1225 1274 1309 1338; x_wconf 88' lang='lat' dir='ltr'>erhi-</span> 
     </span>
     <span class='ocr_line' id='line_1_9' title="bbox 165 1378 1309 1463; baseline -0.001 -19"><span class='ocrx_word' id='word_1_65' title='bbox 165 1380 255 1460; x_wconf 90' lang='lat' dir='ltr'>bere,</span> <span class='ocrx_word' id='word_1_66' title='bbox 290 1381 495 1463; x_wconf 85' lang='lat' dir='ltr'>praebeamus</span> <span class='ocrx_word' id='word_1_67' title='bbox 516 1381 666 1446; x_wconf 87' lang='lat' dir='ltr'>inimico.</span> <span class='ocrx_word' id='word_1_68' title='bbox 712 1385 743 1445; x_wconf 92' lang='lat' dir='ltr'>et</span> <span class='ocrx_word' id='word_1_69' title='bbox 773 1381 898 1463; x_wconf 88' lang='lat' dir='ltr'>quidem</span> <span class='ocrx_word' id='word_1_70' title='bbox 929 1379 954 1443; x_wconf 92' lang='lat' dir='ltr'>si</span> <span class='ocrx_word' id='word_1_71' title='bbox 985 1379 1054 1460; x_wconf 90' lang='lat' dir='ltr'>quis</span> <span class='ocrx_word' id='word_1_72' title='bbox 1086 1378 1240 1443; x_wconf 92' lang='lat' dir='ltr'>uiolentus</span> <span class='ocrx_word' id='word_1_73' title='bbox 1273 1397 1309 1443; x_wconf 90' lang='lat' dir='ltr'>ao</span> 
     </span>
     <span class='ocr_line' id='line_1_10' title="bbox 163 1483 1307 1568; baseline 0 -20"><span class='ocrx_word' id='word_1_74' title='bbox 163 1488 352 1567; x_wconf 87' lang='lat' dir='ltr'>praepotens</span> <span class='ocrx_word' id='word_1_75' title='bbox 379 1485 495 1567; x_wconf 91' lang='lat' dir='ltr'>aliquid</span> <span class='ocrx_word' id='word_1_76' title='bbox 518 1486 556 1549; x_wconf 88' lang='lat' dir='ltr'>de</span> <span class='ocrx_word' id='word_1_77' title='bbox 579 1486 727 1550; x_wconf 79' lang='lat' dir='ltr'>facultate</span> <span class='ocrx_word' id='word_1_78' title='bbox 750 1487 858 1549; x_wconf 86' lang='lat' dir='ltr'>nostra</span> <span class='ocrx_word' id='word_1_79' title='bbox 873 1502 909 1548; x_wconf 92' lang='lat' dir='ltr'>ac</span> <span class='ocrx_word' id='word_1_80' title='bbox 931 1483 1119 1568; x_wconf 81' lang='lat' dir='ltr'>proprietate</span> <span class='ocrx_word' id='word_1_81' title='bbox 1142 1483 1307 1566; x_wconf 88' lang='lat' dir='ltr'>rapuisset,</span> 
     </span>
     <span class='ocr_line' id='line_1_11' title="bbox 164 1587 1360 1673; baseline 0.003 -22"><span class='ocrx_word' id='word_1_82' title='bbox 164 1606 269 1652; x_wconf 90' lang='lat' dir='ltr'>nonne</span> <span class='ocrx_word' id='word_1_83' title='bbox 290 1589 419 1673; x_wconf 89' lang='lat' dir='ltr'>dignum</span> <span class='ocrx_word' id='word_1_84' title='bbox 443 1607 567 1654; x_wconf 89' lang='lat' dir='ltr'>summo</span> <span class='ocrx_word' id='word_1_85' title='bbox 583 1589 652 1655; x_wconf 89' lang='lat' dir='ltr'>odic</span> <span class='ocrx_word' id='word_1_86' title='bbox 668 1591 862 1669; x_wconf 65' lang='lat' dir='ltr'>duceremus</span> <span class='ocrx_word' id='word_1_87' title='bbox 886 1607 988 1653; x_wconf 92' lang='lat' dir='ltr'>nonne</span> <span class='ocrx_word' id='word_1_88' title='bbox 1012 1587 1121 1652; x_wconf 90' lang='lat' dir='ltr'>meritc</span> <span class='ocrx_word' id='word_1_89' title='bbox 1145 1591 1307 1670; x_wconf 89' lang='lat' dir='ltr'>tamqnam</span> <span class='ocrx_word' id='word_1_90' title='bbox 1335 1619 1360 1656; x_wconf 82' lang='grc' dir='ltr'>ιο</span> 
     </span>
     <span class='ocr_line' id='line_1_12' title="bbox 163 1691 1306 1776; baseline 0.001 -21"><span class='ocrx_word' id='word_1_91' title='bbox 163 1691 288 1756; x_wconf 89' lang='lat' dir='ltr'>hostem</span> <span class='ocrx_word' id='word_1_92' title='bbox 312 1693 561 1758; x_wconf 84' lang='lat' dir='ltr'>detestaremur?</span> <span class='ocrx_word' id='word_1_93' title='bbox 600 1698 714 1776; x_wconf 89' lang='lat' dir='ltr'>etque</span> <span class='ocrx_word' id='word_1_94' title='bbox 737 1694 865 1758; x_wconf 88' lang='lat' dir='ltr'>tandem</span> <span class='ocrx_word' id='word_1_95' title='bbox 887 1693 990 1756; x_wconf 88' lang='lat' dir='ltr'>animo</span> <span class='ocrx_word' id='word_1_96' title='bbox 1013 1691 1134 1756; x_wconf 89' lang='lat' dir='ltr'>diabolo</span> <span class='ocrx_word' id='word_1_97' title='bbox 1156 1711 1213 1774; x_wconf 89' lang='lat' dir='ltr'>per</span> <span class='ocrx_word' id='word_1_98' title='bbox 1234 1711 1306 1774; x_wconf 90' lang='lat' dir='ltr'>peo-</span> 
     </span>
     <span class='ocr_line' id='line_1_13' title="bbox 163 1796 1305 1880; baseline 0 -20"><span class='ocrx_word' id='word_1_99' title='bbox 163 1801 271 1860; x_wconf 87' lang='lat' dir='ltr'>oatum</span> <span class='ocrx_word' id='word_1_100' title='bbox 300 1798 523 1878; x_wconf 78' lang='lat' dir='ltr'>consentimus,</span> <span class='ocrx_word' id='word_1_101' title='bbox 551 1798 604 1880; x_wconf 91' lang='lat' dir='ltr'>qui</span> <span class='ocrx_word' id='word_1_102' title='bbox 632 1797 721 1863; x_wconf 88' lang='lat' dir='ltr'>nobis</span> <span class='ocrx_word' id='word_1_103' title='bbox 749 1797 959 1862; x_wconf 87' lang='lat' dir='ltr'>substantiam</span> <span class='ocrx_word' id='word_1_104' title='bbox 988 1814 1050 1860; x_wconf 93' lang='lat' dir='ltr'>non</span> <span class='ocrx_word' id='word_1_105' title='bbox 1077 1796 1147 1860; x_wconf 89' lang='lat' dir='ltr'>nult</span> <span class='ocrx_word' id='word_1_106' title='bbox 1174 1797 1305 1878; x_wconf 85' lang='lat' dir='ltr'>auterre,</span> 
     </span>
     <span class='ocr_line' id='line_1_14' title="bbox 162 1899 1306 1984; baseline 0.002 -20"><span class='ocrx_word' id='word_1_107' title='bbox 162 1901 218 1964; x_wconf 91' lang='lat' dir='ltr'>sed</span> <span class='ocrx_word' id='word_1_108' title='bbox 241 1901 351 1981; x_wconf 91' lang='lat' dir='ltr'>uitam,</span> <span class='ocrx_word' id='word_1_109' title='bbox 375 1919 436 1966; x_wconf 93' lang='lat' dir='ltr'>non</span> <span class='ocrx_word' id='word_1_110' title='bbox 452 1907 568 1967; x_wconf 79' lang='lat' dir='ltr'>terram</span> <span class='ocrx_word' id='word_1_111' title='bbox 591 1903 745 1983; x_wconf 84' lang='lat' dir='ltr'>fraudare,</span> <span class='ocrx_word' id='word_1_112' title='bbox 768 1903 823 1966; x_wconf 87' lang='lat' dir='ltr'>aed</span> <span class='ocrx_word' id='word_1_113' title='bbox 846 1901 978 1982; x_wconf 89' lang='lat' dir='ltr'>caelum,</span> <span class='ocrx_word' id='word_1_114' title='bbox 1002 1919 1064 1965; x_wconf 92' lang='lat' dir='ltr'>non</span> <span class='ocrx_word' id='word_1_115' title='bbox 1080 1899 1158 1965; x_wconf 89' lang='lat' dir='ltr'>fines</span> <span class='ocrx_word' id='word_1_116' title='bbox 1181 1919 1306 1984; x_wconf 87' lang='lat' dir='ltr'>posses-</span> 
     </span>
     <span class='ocr_line' id='line_1_15' title="bbox 163 2005 1305 2090; baseline 0.002 -22"><span class='ocrx_word' id='word_1_117' title='bbox 163 2005 261 2069; x_wconf 88' lang='lat' dir='ltr'>sionis</span> <span class='ocrx_word' id='word_1_118' title='bbox 277 2011 455 2090; x_wconf 84' lang='lat' dir='ltr'>angustare,</span> <span class='ocrx_word' id='word_1_119' title='bbox 479 2007 534 2071; x_wconf 89' lang='lat' dir='ltr'>sed</span> <span class='ocrx_word' id='word_1_120' title='bbox 556 2007 677 2072; x_wconf 85' lang='lat' dir='ltr'>infinita</span> <span class='ocrx_word' id='word_1_121' title='bbox 699 2007 802 2090; x_wconf 90' lang='lat' dir='ltr'>spatia</span> <span class='ocrx_word' id='word_1_122' title='bbox 824 2005 1039 2070; x_wconf 83' lang='lat' dir='ltr'>aeternitatis?</span> <span class='ocrx_word' id='word_1_123' title='bbox 1073 2005 1154 2069; x_wconf 91' lang='lat' dir='ltr'>inter</span> <span class='ocrx_word' id='word_1_124' title='bbox 1176 2005 1264 2085; x_wconf 86' lang='lat' dir='ltr'>haec,</span> <span class='ocrx_word' id='word_1_125' title='bbox 1287 2023 1305 2070; x_wconf 96' lang='lat' dir='ltr'>o</span> 
     </span>
     <span class='ocr_line' id='line_1_16' title="bbox 163 2109 1357 2194; baseline 0.004 -21"><span class='ocrx_word' id='word_1_126' title='bbox 163 2109 268 2190; x_wconf 90' lang='lat' dir='ltr'>homo,</span> <span class='ocrx_word' id='word_1_127' title='bbox 292 2112 318 2174; x_wconf 93' lang='lat' dir='ltr'>si</span> <span class='ocrx_word' id='word_1_128' title='bbox 334 2111 516 2194; x_wconf 86' lang='lat' dir='ltr'>dignitatem</span> <span class='ocrx_word' id='word_1_129' title='bbox 541 2112 681 2176; x_wconf 85' lang='lat' dir='ltr'>iacturae</span> <span class='ocrx_word' id='word_1_130' title='bbox 705 2115 787 2192; x_wconf 89' lang='lat' dir='ltr'>tuae,</span> <span class='ocrx_word' id='word_1_131' title='bbox 811 2111 837 2175; x_wconf 92' lang='lat' dir='ltr'>si</span> <span class='ocrx_word' id='word_1_132' title='bbox 858 2111 1009 2194; x_wconf 92' lang='lat' dir='ltr'>pietatem</span> <span class='ocrx_word' id='word_1_133' title='bbox 1032 2109 1114 2174; x_wconf 91' lang='lat' dir='ltr'>circa</span> <span class='ocrx_word' id='word_1_134' title='bbox 1136 2113 1166 2174; x_wconf 89' lang='lat' dir='ltr'>te</span> <span class='ocrx_word' id='word_1_135' title='bbox 1187 2109 1305 2174; x_wconf 90' lang='lat' dir='ltr'>domini</span> <span class='ocrx_word' id='word_1_136' title='bbox 1333 2141 1357 2178; x_wconf 83' lang='lat' dir='ltr'>n</span> 
     </span>
     <span class='ocr_line' id='line_1_17' title="bbox 161 2214 1304 2300; baseline 0.003 -23"><span class='ocrx_word' id='word_1_137' title='bbox 161 2215 209 2278; x_wconf 87' lang='lat' dir='ltr'>tui</span> <span class='ocrx_word' id='word_1_138' title='bbox 231 2215 367 2280; x_wconf 90' lang='lat' dir='ltr'>uolucris</span> <span class='ocrx_word' id='word_1_139' title='bbox 392 2216 556 2282; x_wconf 88' lang='lat' dir='ltr'>aestimare</span> <span class='ocrx_word' id='word_1_140' title='bbox 573 2217 611 2281; x_wconf 91' lang='lat' dir='ltr'>de</span> <span class='ocrx_word' id='word_1_141' title='bbox 633 2217 744 2299; x_wconf 87' lang='lat' dir='ltr'>pretio,</span> <span class='ocrx_word' id='word_1_142' title='bbox 766 2216 884 2298; x_wconf 93' lang='lat' dir='ltr'>poteris</span> <span class='ocrx_word' id='word_1_143' title='bbox 900 2233 962 2280; x_wconf 94' lang='lat' dir='ltr'>non</span> <span class='ocrx_word' id='word_1_144' title='bbox 979 2214 1121 2280; x_wconf 88' lang='lat' dir='ltr'>dubitare</span> <span class='ocrx_word' id='word_1_145' title='bbox 1137 2215 1175 2279; x_wconf 93' lang='lat' dir='ltr'>de</span> <span class='ocrx_word' id='word_1_146' title='bbox 1191 2233 1304 2300; x_wconf 88' lang='lat' dir='ltr'>regno.</span> 
     </span>
     <span class='ocr_line' id='line_1_18' title="bbox 204 2319 1305 2404; baseline 0.002 -21"><span class='ocrx_word' id='word_1_147' title='bbox 204 2319 297 2398; x_wconf 84' lang='lat' dir='ltr'>illud,</span> <span class='ocrx_word' id='word_1_148' title='bbox 321 2320 432 2384; x_wconf 86' lang='lat' dir='ltr'>fratres</span> <span class='ocrx_word' id='word_1_149' title='bbox 448 2321 611 2402; x_wconf 85' lang='lat' dir='ltr'>carissimi,</span> <span class='ocrx_word' id='word_1_150' title='bbox 634 2321 715 2404; x_wconf 88' lang='lat' dir='ltr'>quod</span> <span class='ocrx_word' id='word_1_151' title='bbox 731 2321 779 2384; x_wconf 92' lang='lat' dir='ltr'>die</span> <span class='ocrx_word' id='word_1_152' title='bbox 801 2321 893 2385; x_wconf 88' lang='lat' dir='ltr'>tertia</span> <span class='ocrx_word' id='word_1_153' title='bbox 907 2319 1032 2402; x_wconf 89' lang='lat' dir='ltr'>nuptias</span> <span class='ocrx_word' id='word_1_154' title='bbox 1055 2319 1154 2384; x_wconf 86' lang='lat' dir='ltr'>iactas</span> <span class='ocrx_word' id='word_1_155' title='bbox 1170 2319 1202 2383; x_wconf 91' lang='lat' dir='ltr'>in</span> <span class='ocrx_word' id='word_1_156' title='bbox 1219 2319 1305 2385; x_wconf 78' lang='lat' dir='ltr'>(iana</span> 
     </span>
     <span class='ocr_line' id='line_1_19' title="bbox 161 2423 1303 2508; baseline 0.002 -20"><span class='ocrx_word' id='word_1_157' title='bbox 161 2423 321 2488; x_wconf 86' lang='lat' dir='ltr'>Galilaeae</span> <span class='ocrx_word' id='word_1_158' title='bbox 345 2429 377 2490; x_wconf 91' lang='lat' dir='ltr'>et</span> <span class='ocrx_word' id='word_1_159' title='bbox 392 2426 473 2508; x_wconf 91' lang='lat' dir='ltr'>quod</span> <span class='ocrx_word' id='word_1_160' title='bbox 498 2444 611 2508; x_wconf 89' lang='lat' dir='ltr'>aquam</span> <span class='ocrx_word' id='word_1_161' title='bbox 635 2427 667 2490; x_wconf 94' lang='lat' dir='ltr'>in</span> <span class='ocrx_word' id='word_1_162' title='bbox 682 2427 755 2490; x_wconf 89' lang='lat' dir='ltr'>uina</span> <span class='ocrx_word' id='word_1_163' title='bbox 777 2443 963 2491; x_wconf 89' lang='lat' dir='ltr'>conuersam</span> <span class='ocrx_word' id='word_1_164' title='bbox 985 2424 1082 2489; x_wconf 88' lang='lat' dir='ltr'>luisse</span> <span class='ocrx_word' id='word_1_165' title='bbox 1104 2424 1207 2504; x_wconf 91' lang='lat' dir='ltr'>modo,</span> <span class='ocrx_word' id='word_1_166' title='bbox 1231 2443 1303 2490; x_wconf 94' lang='lat' dir='ltr'>cum</span> 
     </span>
     <span class='ocr_line' id='line_1_20' title="bbox 161 2529 1303 2614; baseline 0.003 -23"><span class='ocrx_word' id='word_1_167' title='bbox 161 2529 361 2612; x_wconf 88' lang='lat' dir='ltr'>euangelium</span> <span class='ocrx_word' id='word_1_168' title='bbox 392 2531 558 2614; x_wconf 88' lang='lat' dir='ltr'>legeretur,</span> <span class='ocrx_word' id='word_1_169' title='bbox 589 2531 778 2611; x_wconf 88' lang='lat' dir='ltr'>audiuimus,</span> <span class='ocrx_word' id='word_1_170' title='bbox 809 2530 987 2610; x_wconf 89' lang='lat' dir='ltr'>uideamus,</span> <span class='ocrx_word' id='word_1_171' title='bbox 1018 2547 1098 2611; x_wconf 87' lang='lat' dir='ltr'>quae</span> <span class='ocrx_word' id='word_1_172' title='bbox 1129 2533 1209 2600; x_wconf 89' lang='lat' dir='ltr'>sunt</span> <span class='ocrx_word' id='word_1_173' title='bbox 1231 2530 1303 2594; x_wconf 90' lang='lat' dir='ltr'>illae</span> 
     </span>
     <span class='ocr_line' id='line_1_21' title="bbox 161 2633 1355 2718; baseline 0.003 -22"><span class='ocrx_word' id='word_1_174' title='bbox 161 2633 297 2716; x_wconf 86' lang='lat' dir='ltr'>nuptiae.</span> <span class='ocrx_word' id='word_1_175' title='bbox 350 2634 401 2698; x_wconf 92' lang='lat' dir='ltr'>hio</span> <span class='ocrx_word' id='word_1_176' title='bbox 432 2635 599 2717; x_wconf 90' lang='lat' dir='ltr'>adquisitio</span> <span class='ocrx_word' id='word_1_177' title='bbox 630 2636 680 2699; x_wconf 91' lang='lat' dir='ltr'>uel</span> <span class='ocrx_word' id='word_1_178' title='bbox 714 2634 870 2718; x_wconf 85' lang='lat' dir='ltr'>reparatio</span> <span class='ocrx_word' id='word_1_179' title='bbox 901 2639 1007 2699; x_wconf 89' lang='lat' dir='ltr'>nostra</span> <span class='ocrx_word' id='word_1_180' title='bbox 1037 2635 1118 2698; x_wconf 90' lang='lat' dir='ltr'>uotis</span> <span class='ocrx_word' id='word_1_181' title='bbox 1150 2637 1181 2698; x_wconf 90' lang='lat' dir='ltr'>ct</span> <span class='ocrx_word' id='word_1_182' title='bbox 1214 2633 1302 2700; x_wconf 88' lang='lat' dir='ltr'>iestis</span> <span class='ocrx_word' id='word_1_183' title='bbox 1330 2663 1355 2700; x_wconf 76' lang='lat' dir='ltr'>ro</span> 
     </span>
     <span class='ocr_line' id='line_1_22' title="bbox 160 2737 1302 2822; baseline 0.004 -23"><span class='ocrx_word' id='word_1_184' title='bbox 160 2737 353 2819; x_wconf 87' lang='lat' dir='ltr'>nuptialibus</span> <span class='ocrx_word' id='word_1_185' title='bbox 370 2739 613 2820; x_wconf 88' lang='lat' dir='ltr'>demonstratur,</span> <span class='ocrx_word' id='word_1_186' title='bbox 637 2739 718 2804; x_wconf 92' lang='lat' dir='ltr'>sicut</span> <span class='ocrx_word' id='word_1_187' title='bbox 739 2739 771 2802; x_wconf 93' lang='lat' dir='ltr'>in</span> <span class='ocrx_word' id='word_1_188' title='bbox 791 2739 851 2804; x_wconf 89' lang='lat' dir='ltr'>alio</span> <span class='ocrx_word' id='word_1_189' title='bbox 873 2739 940 2802; x_wconf 90' lang='lat' dir='ltr'>loeo</span> <span class='ocrx_word' id='word_1_190' title='bbox 961 2757 1032 2802; x_wconf 90' lang='lat' dir='ltr'>cnm</span> <span class='ocrx_word' id='word_1_191' title='bbox 1049 2739 1142 2803; x_wconf 87' lang='lat' dir='ltr'>choro</span> <span class='ocrx_word' id='word_1_192' title='bbox 1166 2742 1197 2803; x_wconf 87' lang='lat' dir='ltr'>et</span> <span class='ocrx_word' id='word_1_193' title='bbox 1217 2758 1302 2822; x_wconf 86' lang='lat' dir='ltr'>sym·</span> 
     </span>
     <span class='ocr_line' id='line_1_23' title="bbox 160 2827 1303 2927; baseline 0.003 -23"><span class='ocrx_word' id='word_1_194' title='bbox 160 2841 278 2924; x_wconf 89' lang='lat' dir='ltr'>phonia</span> <span class='ocrx_word' id='word_1_195' title='bbox 300 2843 418 2906; x_wconf 90' lang='lat' dir='ltr'>reditus</span> <span class='ocrx_word' id='word_1_196' title='bbox 441 2843 497 2908; x_wconf 90' lang='lat' dir='ltr'>filii</span> <span class='ocrx_word' id='word_1_197' title='bbox 520 2844 649 2908; x_wconf 89' lang='lat' dir='ltr'>iunioris</span> <span class='ocrx_word' id='word_1_198' title='bbox 673 2843 831 2927; x_wconf 82' lang='lat' dir='ltr'>excipitur.</span> <span class='ocrx_word' id='word_1_199' title='bbox 879 2827 931 2907; x_wconf 75' lang='lat' dir='ltr'>s&#39;er</span> <span class='ocrx_word' id='word_1_200' title='bbox 948 2846 1053 2907; x_wconf 88' lang='lat' dir='ltr'>autem</span> <span class='ocrx_word' id='word_1_201' title='bbox 1077 2842 1205 2926; x_wconf 82' lang='lat' dir='ltr'>hydriae</span> <span class='ocrx_word' id='word_1_202' title='bbox 1230 2847 1303 2908; x_wconf 90' lang='lat' dir='ltr'>sunt</span> 
     </span>
     <span class='ocr_line' id='line_1_24' title="bbox 160 2945 1302 3031; baseline 0.003 -23"><span class='ocrx_word' id='word_1_203' title='bbox 160 2965 213 3009; x_wconf 83' lang='lat' dir='ltr'>ser</span> <span class='ocrx_word' id='word_1_204' title='bbox 237 2945 346 3010; x_wconf 89' lang='lat' dir='ltr'>mundi</span> <span class='ocrx_word' id='word_1_205' title='bbox 370 2947 461 3011; x_wconf 90' lang='lat' dir='ltr'>huius</span> <span class='ocrx_word' id='word_1_206' title='bbox 478 2953 607 3028; x_wconf 85' lang='lat' dir='ltr'>aetates,</span> <span class='ocrx_word' id='word_1_207' title='bbox 631 2949 732 3031; x_wconf 91' lang='lat' dir='ltr'>prima</span> <span class='ocrx_word' id='word_1_208' title='bbox 755 2947 793 3011; x_wconf 88' lang='lat' dir='ltr'>ab</span> <span class='ocrx_word' id='word_1_209' title='bbox 806 2947 910 3012; x_wconf 84' lang='lat' dir='ltr'>Adam</span> <span class='ocrx_word' id='word_1_210' title='bbox 934 2965 1031 3029; x_wconf 89' lang='lat' dir='ltr'>usque</span> <span class='ocrx_word' id='word_1_211' title='bbox 1047 2947 1086 3011; x_wconf 86' lang='lat' dir='ltr'>ad</span> <span class='ocrx_word' id='word_1_212' title='bbox 1101 2946 1178 3028; x_wconf 89' lang='lat' dir='ltr'>Noc,</span> <span class='ocrx_word' id='word_1_213' title='bbox 1202 2946 1302 3013; x_wconf 88' lang='lat' dir='ltr'>aNoc</span> 
     </span>
     <span class='ocr_line' id='line_1_25' title="bbox 161 3049 1302 3133; baseline 0.004 -21"><span class='ocrx_word' id='word_1_214' title='bbox 161 3067 258 3131; x_wconf 88' lang='lat' dir='ltr'>nsque</span> <span class='ocrx_word' id='word_1_215' title='bbox 286 3049 324 3113; x_wconf 91' lang='lat' dir='ltr'>ad</span> <span class='ocrx_word' id='word_1_216' title='bbox 352 3049 528 3132; x_wconf 89' lang='lat' dir='ltr'>Abraham,</span> <span class='ocrx_word' id='word_1_217' title='bbox 562 3052 600 3116; x_wconf 90' lang='lat' dir='ltr'>ab</span> <span class='ocrx_word' id='word_1_218' title='bbox 623 3051 787 3116; x_wconf 89' lang='lat' dir='ltr'>Abraham</span> <span class='ocrx_word' id='word_1_219' title='bbox 814 3069 912 3133; x_wconf 88' lang='lat' dir='ltr'>usque</span> <span class='ocrx_word' id='word_1_220' title='bbox 940 3051 979 3114; x_wconf 92' lang='lat' dir='ltr'>ad</span> <span class='ocrx_word' id='word_1_221' title='bbox 1006 3051 1123 3132; x_wconf 91' lang='lat' dir='ltr'>Dauid,</span> <span class='ocrx_word' id='word_1_222' title='bbox 1155 3069 1173 3115; x_wconf 90' lang='lat' dir='ltr'>a</span> <span class='ocrx_word' id='word_1_223' title='bbox 1200 3052 1302 3117; x_wconf 89' lang='lat' dir='ltr'>Dauid</span> 
     </span>
     <span class='ocr_line' id='line_1_26' title="bbox 159 3155 1353 3240; baseline 0.007 -24"><span class='ocrx_word' id='word_1_224' title='bbox 159 3171 258 3236; x_wconf 89' lang='lat' dir='ltr'>usque</span> <span class='ocrx_word' id='word_1_225' title='bbox 280 3155 312 3218; x_wconf 91' lang='lat' dir='ltr'>in</span> <span class='ocrx_word' id='word_1_226' title='bbox 335 3157 642 3240; x_wconf 88' lang='lat' dir='ltr'>transmigrationem</span> <span class='ocrx_word' id='word_1_227' title='bbox 658 3156 838 3239; x_wconf 86' lang='lat' dir='ltr'>Babylonis,</span> <span class='ocrx_word' id='word_1_228' title='bbox 862 3174 881 3220; x_wconf 92' lang='lat' dir='ltr'>a</span> <span class='ocrx_word' id='word_1_229' title='bbox 903 3157 1177 3239; x_wconf 89' lang='lat' dir='ltr'>transmigratione</span> <span class='ocrx_word' id='word_1_230' title='bbox 1197 3156 1302 3240; x_wconf 85' lang='lat' dir='ltr'>Baby·</span> <span class='ocrx_word' id='word_1_231' title='bbox 1328 3185 1353 3224; x_wconf 81' lang='lat' dir='ltr'>rc</span> 
     </span>
     <span class='ocr_line' id='line_1_27' title="bbox 158 3257 1299 3344; baseline 0.004 -23"><span class='ocrx_word' id='word_1_232' title='bbox 158 3257 238 3322; x_wconf 90' lang='lat' dir='ltr'>lonis</span> <span class='ocrx_word' id='word_1_233' title='bbox 263 3277 361 3340; x_wconf 85' lang='lat' dir='ltr'>nsque</span> <span class='ocrx_word' id='word_1_234' title='bbox 389 3259 427 3323; x_wconf 89' lang='lat' dir='ltr'>ad</span> <span class='ocrx_word' id='word_1_235' title='bbox 457 3260 629 3325; x_wconf 89' lang='lat' dir='ltr'>Iohannem</span> <span class='ocrx_word' id='word_1_236' title='bbox 652 3260 834 3344; x_wconf 89' lang='lat' dir='ltr'>baptistam.</span> <span class='ocrx_word' id='word_1_237' title='bbox 881 3260 994 3342; x_wconf 92' lang='lat' dir='ltr'>quibus</span> <span class='ocrx_word' id='word_1_238' title='bbox 1023 3261 1214 3344; x_wconf 89' lang='lat' dir='ltr'>temporibus</span> <span class='ocrx_word' id='word_1_239' title='bbox 1238 3280 1299 3326; x_wconf 93' lang='lat' dir='ltr'>non</span> 
     </span>
     <span class='ocr_line' id='line_1_28' title="bbox 160 3361 1300 3450; baseline 0.004 -25"><span class='ocrx_word' id='word_1_240' title='bbox 160 3361 259 3426; x_wconf 83' lang='lat' dir='ltr'>debuit</span> <span class='ocrx_word' id='word_1_241' title='bbox 281 3363 444 3448; x_wconf 87' lang='lat' dir='ltr'>prophetia</span> <span class='ocrx_word' id='word_1_242' title='bbox 473 3365 510 3428; x_wconf 92' lang='lat' dir='ltr'>de</span> <span class='ocrx_word' id='word_1_243' title='bbox 538 3365 672 3446; x_wconf 80' lang='lat' dir='ltr'>Christo,</span> <span class='ocrx_word' id='word_1_244' title='bbox 694 3385 750 3448; x_wconf 94' lang='lat' dir='ltr'>per</span> <span class='ocrx_word' id='word_1_245' title='bbox 773 3383 850 3447; x_wconf 88' lang='lat' dir='ltr'>quas</span> <span class='ocrx_word' id='word_1_246' title='bbox 875 3365 950 3430; x_wconf 91' lang='lat' dir='ltr'>iusti</span> <span class='ocrx_word' id='word_1_247' title='bbox 975 3365 1110 3450; x_wconf 90' lang='lat' dir='ltr'>figuram</span> <span class='ocrx_word' id='word_1_248' title='bbox 1137 3369 1168 3430; x_wconf 91' lang='lat' dir='ltr'>et</span> <span class='ocrx_word' id='word_1_249' title='bbox 1190 3369 1300 3450; x_wconf 86' lang='lat' dir='ltr'>typum</span> 
     </span>
     <span class='ocr_line' id='line_1_29' title="bbox 159 3466 1298 3553; baseline 0.005 -23"><span class='ocrx_word' id='word_1_250' title='bbox 159 3466 275 3532; x_wconf 92' lang='lat' dir='ltr'>domini</span> <span class='ocrx_word' id='word_1_251' title='bbox 298 3469 522 3551; x_wconf 89' lang='lat' dir='ltr'>praetulerunt.</span> <span class='ocrx_word' id='word_1_252' title='bbox 568 3471 695 3553; x_wconf 88' lang='lat' dir='ltr'>capiunt</span> <span class='ocrx_word' id='word_1_253' title='bbox 722 3489 796 3536; x_wconf 90' lang='lat' dir='ltr'>uero</span> <span class='ocrx_word' id='word_1_254' title='bbox 820 3474 970 3535; x_wconf 87' lang='lat' dir='ltr'>metretas</span> <span class='ocrx_word' id='word_1_255' title='bbox 992 3471 1083 3535; x_wconf 91' lang='lat' dir='ltr'>binas</span> <span class='ocrx_word' id='word_1_256' title='bbox 1106 3471 1157 3535; x_wconf 94' lang='lat' dir='ltr'>uel</span> <span class='ocrx_word' id='word_1_257' title='bbox 1184 3475 1298 3553; x_wconf 90' lang='lat' dir='ltr'>ternas,</span> 
     </span>
    </p>
   </div>
   <div class='ocr_carea' id='block_1_3' title="bbox 157 3701 1298 4386">
    <p class='ocr_par' dir='ltr' id='par_1_3' title="bbox 157 3701 1298 4386">
     <span class='ocr_line' id='line_1_30' title="bbox 202 3701 1298 3776; baseline 0.003 -18"><span class='ocrx_word' id='word_1_258' title='bbox 202 3705 214 3758; x_wconf 94' lang='lat' dir='ltr'>l</span> <span class='ocrx_word' id='word_1_259' title='bbox 236 3701 333 3772; x_wconf 85' lang='lat' dir='ltr'>terras]</span> <span class='ocrx_word' id='word_1_260' title='bbox 353 3721 421 3774; x_wconf 73' lang='lat' dir='ltr'>pocae</span> <span class='ocrx_word' id='word_1_261' title='bbox 438 3711 588 3774; x_wconf 70' lang='lat' dir='ltr'>separatim</span> <span class='ocrx_word' id='word_1_262' title='bbox 605 3706 682 3775; x_wconf 76' lang='lat' dir='ltr'>apud</span> <span class='ocrx_word' id='word_1_263' title='bbox 699 3705 856 3761; x_wconf 64' lang='lat' dir='ltr'>Mammam</span> <span class='ocrx_word' id='word_1_264' title='bbox 873 3708 952 3776; x_wconf 72' lang='lat' dir='ltr'>infra</span> <span class='ocrx_word' id='word_1_265' title='bbox 965 3709 1069 3776; x_wconf 58' lang='lat' dir='ltr'>pato,</span> <span class='ocrx_word' id='word_1_266' title='bbox 1083 3711 1115 3760; x_wconf 85' lang='lat'>11</span> <span class='ocrx_word' id='word_1_267' title='bbox 1134 3705 1211 3775; x_wconf 80' lang='lat' dir='ltr'>epod</span> <span class='ocrx_word' id='word_1_268' title='bbox 1222 3707 1298 3761; x_wconf 79' lang='lat' dir='ltr'>Fau-</span> 
     </span>
     <span class='ocr_line' id='line_1_31' title="bbox 158 3791 1298 3864; baseline 0.003 -20"><span class='ocrx_word' id='word_1_269' title='bbox 158 3796 228 3844; x_wconf 79' lang='lat' dir='ltr'>stam</span> <span class='ocrx_word' id='word_1_270' title='bbox 246 3791 373 3860; x_wconf 77' lang='lat' dir='ltr'>teprmtur</span> <span class='ocrx_word' id='word_1_271' title='bbox 425 3791 602 3846; x_wconf 82' lang='lat' dir='ltr'>2eondioiti0</span> <span class='ocrx_word' id='word_1_272' title='bbox 621 3791 650 3846; x_wconf 89' lang='lat' dir='ltr'><em>D</em></span> <span class='ocrx_word' id='word_1_273' title='bbox 703 3791 837 3848; x_wconf 88' lang='lat' dir='ltr'>3remedi</span> <span class='ocrx_word' id='word_1_274' title='bbox 857 3794 886 3848; x_wconf 91' lang='lat' dir='ltr'><em>D</em></span> <span class='ocrx_word' id='word_1_275' title='bbox 938 3791 1155 3862; x_wconf 86' lang='lat' dir='ltr'>dampnabuntur</span> <span class='ocrx_word' id='word_1_276' title='bbox 1168 3794 1204 3860; x_wconf 89' lang='lat' dir='ltr'>D,</span> <span class='ocrx_word' id='word_1_277' title='bbox 1222 3793 1298 3864; x_wconf 88' lang='lat' dir='ltr'>impii</span> 
     </span>
     <span class='ocr_line' id='line_1_32' title="bbox 158 3877 1298 3951; baseline 0.004 -20"><span class='ocrx_word' id='word_1_278' title='bbox 158 3877 220 3931; x_wconf 81' lang='lat' dir='ltr'>add.</span> <span class='ocrx_word' id='word_1_279' title='bbox 240 3879 312 3948; x_wconf 71' lang='lat' dir='ltr'>Aug.</span> <span class='ocrx_word' id='word_1_280' title='bbox 375 3877 585 3932; x_wconf 73' lang='lat' dir='ltr'>‹tredemuntnr</span> <span class='ocrx_word' id='word_1_281' title='bbox 602 3879 640 3947; x_wconf 89' lang='lat' dir='ltr'>D,</span> <span class='ocrx_word' id='word_1_282' title='bbox 657 3879 696 3948; x_wconf 92' lang='lat' dir='ltr'>pii</span> <span class='ocrx_word' id='word_1_283' title='bbox 714 3881 778 3935; x_wconf 86' lang='lat' dir='ltr'>odd.</span> <span class='ocrx_word' id='word_1_284' title='bbox 797 3882 869 3951; x_wconf 79' lang='lat' dir='ltr'>Aup.</span> <span class='ocrx_word' id='word_1_285' title='bbox 928 3877 1090 3935; x_wconf 86' lang='lat' dir='ltr'>6diebulns</span> <span class='ocrx_word' id='word_1_286' title='bbox 1113 3882 1143 3935; x_wconf 94' lang='lat' dir='ltr'>D</span> <span class='ocrx_word' id='word_1_287' title='bbox 1203 3883 1298 3950; x_wconf 89' lang='lat' dir='ltr'>8pro-</span> 
     </span>
     <span class='ocr_line' id='line_1_33' title="bbox 157 3959 1298 4038; baseline 0.005 -22"><span class='ocrx_word' id='word_1_288' title='bbox 157 3959 335 4035; x_wconf 74' lang='lat' dir='ltr'>bemurAcg.</span> <span class='ocrx_word' id='word_1_289' title='bbox 388 3963 573 4022; x_wconf 86' lang='lat' dir='ltr'>uiolentiuaD</span> <span class='ocrx_word' id='word_1_290' title='bbox 627 3969 660 4023; x_wconf 89' lang='lat'>10</span> <span class='ocrx_word' id='word_1_291' title='bbox 673 3966 882 4038; x_wconf 72' lang='lat' dir='ltr'>du&#39;cgremusD</span> <span class='ocrx_word' id='word_1_292' title='bbox 936 3971 965 4023; x_wconf 94' lang='lat' dir='ltr'>ll</span> <span class='ocrx_word' id='word_1_293' title='bbox 981 3965 1131 4022; x_wconf 83' lang='lat' dir='ltr'>diabuloD</span> <span class='ocrx_word' id='word_1_294' title='bbox 1180 3969 1212 4024; x_wconf 86' lang='lat'>13</span> <span class='ocrx_word' id='word_1_295' title='bbox 1224 3967 1298 4022; x_wconf 81' lang='lat' dir='ltr'>irau-</span> 
     </span>
     <span class='ocr_line' id='line_1_34' title="bbox 158 4047 1298 4126; baseline 0.009 -24"><span class='ocrx_word' id='word_1_296' title='bbox 158 4047 217 4104; x_wconf 86' lang='lat' dir='ltr'>dere</span> <span class='ocrx_word' id='word_1_297' title='bbox 242 4052 271 4105; x_wconf 90' lang='lat' dir='ltr'><em>D</em></span> <span class='ocrx_word' id='word_1_298' title='bbox 325 4053 357 4108; x_wconf 78' lang='lat'>14</span> <span class='ocrx_word' id='word_1_299' title='bbox 375 4068 391 4105; x_wconf 92' lang='lat' dir='ltr'>o</span> <span class='ocrx_word' id='word_1_300' title='bbox 409 4051 478 4118; x_wconf 61' lang='lat' dir='ltr'>‹tfmc</span> <span class='ocrx_word' id='word_1_301' title='bbox 497 4053 526 4108; x_wconf 89' lang='lat' dir='ltr'><em>D</em></span> <span class='ocrx_word' id='word_1_302' title='bbox 581 4057 611 4110; x_wconf 85' lang='grc'>17</span> <span class='ocrx_word' id='word_1_303' title='bbox 631 4053 733 4108; x_wconf 86' lang='lat' dir='ltr'>chanan</span> <span class='ocrx_word' id='word_1_304' title='bbox 752 4055 781 4110; x_wconf 93' lang='lat' dir='ltr'>D</span> <span class='ocrx_word' id='word_1_305' title='bbox 841 4058 872 4111; x_wconf 92' lang='lat'>18</span> <span class='ocrx_word' id='word_1_306' title='bbox 891 4055 955 4108; x_wconf 87' lang='lat' dir='ltr'>uina</span> <span class='ocrx_word' id='word_1_307' title='bbox 971 4056 1071 4125; x_wconf 80' lang='lat' dir='ltr'>scripsi</span> <span class='ocrx_word' id='word_1_308' title='bbox 1089 4056 1148 4111; x_wconf 80' lang='lat' dir='ltr'>coll.</span> <span class='ocrx_word' id='word_1_309' title='bbox 1157 4074 1186 4126; x_wconf 85' lang='lat' dir='ltr'>p.</span> <span class='ocrx_word' id='word_1_310' title='bbox 1199 4059 1260 4126; x_wconf 84' lang='lat'>250,</span> <span class='ocrx_word' id='word_1_311' title='bbox 1272 4061 1298 4126; x_wconf 87' lang='lat'>3,</span> 
     </span>
     <span class='ocr_line' id='line_1_35' title="bbox 158 4135 1298 4212; baseline 0.008 -23"><span class='ocrx_word' id='word_1_312' title='bbox 158 4135 219 4190; x_wconf 91' lang='lat' dir='ltr'>uino</span> <span class='ocrx_word' id='word_1_313' title='bbox 237 4137 275 4206; x_wconf 91' lang='lat' dir='ltr'>D,</span> <span class='ocrx_word' id='word_1_314' title='bbox 294 4139 388 4192; x_wconf 87' lang='lat' dir='ltr'>uinum</span> <span class='ocrx_word' id='word_1_315' title='bbox 406 4141 476 4210; x_wconf 78' lang='lat' dir='ltr'>Acp.</span> <span class='ocrx_word' id='word_1_316' title='bbox 552 4143 583 4196; x_wconf 88' lang='grc'>19</span> <span class='ocrx_word' id='word_1_317' title='bbox 602 4141 761 4210; x_wconf 81' lang='lat' dir='ltr'>euuangeliri</span> <span class='ocrx_word' id='word_1_318' title='bbox 781 4143 809 4198; x_wconf 96' lang='lat' dir='ltr'>D</span> <span class='ocrx_word' id='word_1_319' title='bbox 880 4141 924 4194; x_wconf 91' lang='lat' dir='ltr'>ille</span> <span class='ocrx_word' id='word_1_320' title='bbox 943 4143 972 4196; x_wconf 96' lang='lat' dir='ltr'>D</span> <span class='ocrx_word' id='word_1_321' title='bbox 1042 4143 1074 4198; x_wconf 84' lang='lat'>21</span> <span class='ocrx_word' id='word_1_322' title='bbox 1099 4141 1250 4212; x_wconf 87' lang='lat' dir='ltr'>simphonia</span> <span class='ocrx_word' id='word_1_323' title='bbox 1268 4145 1298 4198; x_wconf 90' lang='lat' dir='ltr'>D</span> 
     </span>
     <span class='ocr_line' id='line_1_36' title="bbox 157 4225 1296 4300; baseline 0.006 -23"><span class='ocrx_word' id='word_1_324' title='bbox 157 4225 188 4278; x_wconf 80' lang='lat'>23</span> <span class='ocrx_word' id='word_1_325' title='bbox 207 4225 287 4278; x_wconf 82' lang='lat' dir='ltr'>etatis</span> <span class='ocrx_word' id='word_1_326' title='bbox 304 4227 335 4280; x_wconf 93' lang='lat' dir='ltr'>D</span> <span class='ocrx_word' id='word_1_327' title='bbox 386 4225 615 4296; x_wconf 80' lang='lat' dir='ltr'>prima-Christo</span> <span class='ocrx_word' id='word_1_328' title='bbox 633 4246 683 4284; x_wconf 79' lang='lat' dir='ltr'>oar.</span> <span class='ocrx_word' id='word_1_329' title='bbox 703 4231 774 4300; x_wconf 74' lang='lat' dir='ltr'>Aug.</span> <span class='ocrx_word' id='word_1_330' title='bbox 833 4232 867 4284; x_wconf 80' lang='lat'>24</span> <span class='ocrx_word' id='word_1_331' title='bbox 886 4229 962 4283; x_wconf 88' lang='lat' dir='ltr'>deuit</span> <span class='ocrx_word' id='word_1_332' title='bbox 979 4229 1003 4298; x_wconf 60' lang='lat' dir='ltr'>affl</span> <span class='ocrx_word' id='word_1_333' title='bbox 1022 4229 1098 4284; x_wconf 87' lang='lat' dir='ltr'>dauit</span> <span class='ocrx_word' id='word_1_334' title='bbox 1115 4231 1145 4285; x_wconf 93' lang='lat' dir='ltr'>D</span> <span class='ocrx_word' id='word_1_335' title='bbox 1200 4233 1233 4286; x_wconf 82' lang='lat'>25</span> <span class='ocrx_word' id='word_1_336' title='bbox 1252 4230 1296 4284; x_wconf 86' lang='lat' dir='ltr'>ba·</span> 
     </span>
     <span class='ocr_line' id='line_1_37' title="bbox 157 4307 1296 4386; baseline 0.009 -24"><span class='ocrx_word' id='word_1_337' title='bbox 157 4307 252 4364; x_wconf 90' lang='lat' dir='ltr'>bilonis</span> <span class='ocrx_word' id='word_1_338' title='bbox 269 4313 300 4368; x_wconf 92' lang='lat' dir='ltr'>D</span> <span class='ocrx_word' id='word_1_339' title='bbox 317 4319 430 4384; x_wconf 75' lang='lat' dir='ltr'>retroque</span> <span class='ocrx_word' id='word_1_340' title='bbox 448 4315 505 4373; x_wconf 82' lang='lat' dir='ltr'>loco</span> <span class='ocrx_word' id='word_1_341' title='bbox 558 4315 821 4386; x_wconf 85' lang='lat' dir='ltr'>transmigrationem</span> <span class='ocrx_word' id='word_1_342' title='bbox 841 4317 870 4372; x_wconf 95' lang='lat' dir='ltr'>D</span> <span class='ocrx_word' id='word_1_343' title='bbox 922 4318 956 4374; x_wconf 83' lang='lat'>26</span> <span class='ocrx_word' id='word_1_344' title='bbox 973 4315 1094 4372; x_wconf 64' lang='lat' dir='ltr'>babtista</span> <span class='ocrx_word' id='word_1_345' title='bbox 1108 4319 1137 4374; x_wconf 96' lang='lat' dir='ltr'>D</span> <span class='ocrx_word' id='word_1_346' title='bbox 1189 4319 1223 4375; x_wconf 85' lang='lat'>28</span> <span class='ocrx_word' id='word_1_347' title='bbox 1241 4333 1296 4373; x_wconf 87' lang='lat' dir='ltr'>ma·</span> 
     </span>
    </p>
   </div>
   <div class='ocr_carea' id='block_1_4' title="bbox 158 4389 282 4484">
    <p class='ocr_par' dir='ltr' id='par_1_4' title="bbox 158 4389 282 4484">
     <span class='ocr_line' id='line_1_38' title="bbox 158 4389 282 4484; baseline 0.065 -8"><span class='ocrx_word' id='word_1_348' title='bbox 158 4389 234 4480; x_wconf 70' lang='lat' dir='ltr'>cri&#39;taa</span> <span class='ocrx_word' id='word_1_349' title='bbox 253 4426 282 4484; x_wconf 86' lang='lat' dir='ltr'>D</span> 
     </span>
    </p>
   </div>
   <div class='ocr_carea' id='block_1_5' title="bbox 0 0 1616 5144">
    <p class='ocr_par' dir='ltr' id='par_1_5' title="bbox 0 0 1616 5144">
     <span class='ocr_line' id='line_1_39' title="bbox 0 0 1616 5144; baseline 0 4"><span class='ocrx_word' id='word_1_350' title='bbox 0 0 1616 5144; x_wconf 95' lang='lat' dir='ltr'> </span> 
     </span>
    </p>
   </div>
  </div>
 </body>
</html>
