3320 5140
665 431 902 498 Prolegomena.
1285 431 1349 484 xlx
1411 485 1413 490 ,

211 605 401 670 aeresmensr
427 607 544 690 pareas
572 586 713 688 (parisos
737 611 769 670 a
792 607 909 670 nomae
939 605 1036 688 reae)
1064 605 1285 688 prta-158
1314 626 1349 670 ex

211 710 315 774 codice
338 713 474 793 quodam
498 711 706 776 bibliothecae
728 711 953 776 Namurcensis
977 711 1102 774 urbicae
1126 715 1157 774 et
1172 710 1351 794 Augustino

212 815 291 879 falso
318 816 471 898 ascripsit,
500 834 562 881 non
589 819 698 880 contra
721 816 912 896 Donatistae,
941 816 996 880 sed
1024 819 1132 880 contra
1157 815 1292 880 Arianos
1320 818 1350 879 et

211 918 453 984 Macedonianos
476 921 627 1003 scriptum
651 939 719 984 esse
742 920 916 984 rectissime
944 920 1069 1001 quidem
1093 920 1244 1002 exposuit,
1271 920 1351 984 salso

211 1027 318 1088 autem
340 1024 424 1088 hunc
447 1044 515 1088 esse
532 1025 639 1090 Fausti
662 1025 805 1089 libellum
829 1023 1022 1090 aGcnnadio
1044 1023 1254 1108 significatum
1277 1042 1351 1088 eon-

211 1127 291 1192 iecit.
330 1147 522 1210 quamquam
545 1129 628 1194 enim
652 1130 723 1212 plus
746 1129 844 1194 semel
867 1129 899 1193 in
922 1128 1000 1194 libro
1024 1128 1077 1193 illo
1101 1128 1350 1193 testimoniorum

210 1232 269 1296 loci
293 1231 455 1298 Faustiani
478 1234 517 1298 ad
539 1234 672 1299 uerbum
696 1234 841 1316 exscripti
863 1234 1072 1318 reperiuntur,
1095 1236 1203 1298 tamen
1226 1251 1287 1298 non
1311 1232 1350 1297 ab

210 1335 277 1418 ipso
300 1336 415 1402 Fausto
439 1339 597 1421 protectus
621 1343 679 1419 est,
710 1340 765 1403 sed
788 1357 806 1402 a
829 1338 978 1421 discipulo
1002 1339 1137 1421 quodam
1164 1340 1219 1402 aut
1242 1336 1351 1402 Fausti

212 1444 265 1504 aut
288 1442 384 1506 etiam
407 1443 587 1524 posterioris
610 1445 722 1508 aetatis
746 1443 920 1508 doctrinam
941 1443 1078 1526 episcopi
1093 1442 1236 1506 Reiensis
1257 1459 1352 1524 quae·

211 1545 365 1610 stionibus
389 1551 421 1610 ot
442 1547 698 1630 responsionibus
721 1548 967 1630 complectentis,
999 1549 1034 1612 ut
1061 1546 1093 1610 in
1117 1545 1352 1628 quaestionibus

212 1649 327 1714 criticis
351 1651 443 1715 modo
467 1651 571 1716 allatis
594 1670 624 1733 p.
642 1649 706 1714 294
722 1670 790 1733 sqq.
814 1651 1017 1716 ostendimus.

255 1753 371 1834 Quarto
386 1755 453 1822 loco
470 1754 649 1821 Gennadius
665 1757 774 1820 laudat
793 1755 964 1820 libellum
986 1756 1167 1820 aduersus
1191 1773 1267 1836 eos,
1291 1755 1351 1837 qui

212 1857 342 1924 dieunt
373 1879 455 1924 esse
486 1861 523 1923 in
553 1861 739 1924 creaturis
771 1860 913 1942 aliquid
946 1861 1219 1942 incorporeum,
1254 1859 1351 1942 signi-

211 1961 308 2028 ficans
332 1964 500 2048 epistulam
521 1965 630 2030 Fausti
653 1970 779 2030 nostrae
803 1965 947 2028 editionis
970 1965 1094 2029 tertiam
1118 1963 1162 2046 (p.
1181 1961 1243 2026 168
1259 1963 1351 2046 sqq).

212 2085 285 2131 nam
302 2067 339 2132 de
355 2069 511 2134 Mamerto
528 2067 708 2151 Claudiano,
732 2089 826 2151 quem
847 2069 926 2133 hanc
951 2069 1116 2152 epistulam
1140 2068 1240 2132 tribus
1263 2067 1351 2132 libris

212 2171 249 2236 de
272 2175 356 2238 statu
379 2173 501 2238 animae
524 2174 727 2258 impugnasse
751 2177 885 2254 constat,
914 2191 1010 2257 agens
1039 2173 1090 2257 (de
1117 2173 1174 2237 uir.
1191 2173 1233 2237 ill.
1252 2191 1277 2236 c.
1295 2170 1351 2255 84)

212 2276 300 2340 dicit:
324 2277 501 2362 composuit
525 2287 589 2340 troo
606 2277 644 2340 de
659 2287 749 2342 statu
766 2325 773 2340 .
791 2327 797 2341 .
815 2277 945 2340 animae
963 2275 1073 2354 libros,
1096 2276 1133 2338 a'a
1149 2274 1266 2361 qccc'bcca
1283 2275 1353 2362 cpit

211 2380 430 2459 intentionem,
447 2392 606 2467 quotenos
622 2381 769 2445 ostendat
784 2381 945 2466 aliquid
959 2381 1230 2466 incorpoream
1241 2401 1351 2466 pcae-

212 2494 268 2547 tcc·
293 2483 414 2568 deum,
437 2487 550 2569 quibus
572 2487 675 2552 uerbis
697 2487 843 2552 extremis
866 2487 1088 2569 intellegimus,
1112 2505 1219 2568 quare,
1242 2503 1351 2567 quam÷

212 2609 306 2671 quam
335 2591 471 2674 epistula
497 2591 606 2656 Fausti
634 2596 697 2656 tres
728 2595 901 2656 tractantur
932 2591 1140 2672 quaestiones,
1171 2589 1351 2656 Gennadius

212 2695 429 2760 tantummodo
453 2696 564 2760 dixerit
588 2698 638 2779 agi
661 2700 770 2760 contra
798 2715 860 2775 coe,
892 2695 945 2776 qui
969 2694 1075 2758 dicant
1105 2714 1173 2758 esse
1203 2695 1235 2757 in
1266 2711 1351 2757 crea-

178 2847 181 2854 .
214 2799 292 2863 turis
320 2800 435 2882 aliquid
459 2801 684 2884 incorporeum,
716 2800 835 2864 scilieet
863 2803 897 2862 ut
929 2799 1066 2862 breuiter
1097 2797 1249 2862 indicaret
1271 2798 1351 2862 hanc

213 2904 381 2985 epistulam
398 2905 562 2968 cohaerere
579 2905 712 2986 quodam
730 2904 821 2968 modo
846 2923 917 2967 curn
935 2903 1097 2968 Claudiani
1118 2903 1276 2986 opusculo.
1312 2903 1351 2966 ad

213 3025 305 3088 quem
341 3008 507 3091 epistulam
539 3008 658 3072 dederit
688 3008 833 3088 Faustus,
869 3007 1036 3086 nescimus
1069 3025 1141 3070 curn
1173 3007 1240 3071 sola
1270 3006 1351 3070 inter

211 3129 320 3176 omnes
344 3113 410 3176 eius
434 3113 584 3196 epistulas
607 3112 849 3196 praescriptione
874 3111 1036 3194 epistulari
1059 3113 1173 3174 careat.
1217 3110 1351 3194 appellat

213 3219 318 3280 tamen
352 3216 442 3280 illurn
477 3215 739 3279 reuerentissime
768 3213 971 3278 sacerdotum
1001 3215 1045 3298 (p.
1072 3213 1143 3295 168,
1164 3214 1198 3298 5)
1235 3215 1352 3278 addens

212 3317 257 3381 ad
274 3329 487 3404 pracceptum
510 3318 726 3382 beatitudinis
742 3329 871 3382 excetrae
889 3317 1001 3403 loquor
1017 3318 1060 3400 (p.
1080 3317 1152 3399 168,
1172 3317 1234 3401 14),
1258 3337 1351 3400 quam

211 3422 250 3488 ob
278 3443 345 3488 rem
369 3423 521 3488 Faustum
554 3425 593 3488 ad
625 3425 804 3508 episcopum
836 3423 992 3506 quendam
1021 3423 1181 3504 scripsisse
1209 3423 1352 3488 conicias.

255 3527 315 3594 Sed
338 3529 447 3592 Fausti
471 3547 592 3610 quoquc
616 3529 784 3612 epistulam
808 3528 911 3592 dantis
942 3546 1131 3609 anonymam
1161 3545 1275 3592 nomen
1298 3546 1354 3610 per

212 3633 367 3715 quoddam
398 3637 522 3715 tempus
558 3634 701 3716 ignotum
737 3637 817 3713 erat,
853 3651 926 3698 nam
957 3633 1132 3696 Mamertus
1163 3631 1354 3696 Claudianus

211 3741 316 3820 aperte
339 3757 372 3802 se
392 3755 507 3804 nemen
524 3738 682 3821 scriptoris
698 3739 840 3820 ignorare
856 3736 1019 3820 profitetur
1035 3735 1078 3819 (p.
1095 3735 1148 3817 24,
1167 3735 1206 3798 16
1229 3739 1353 3800 nostrae

211 3841 368 3906 editionis:
389 3850 563 3925 percontor
587 3839 624 3904 de
646 3841 790 3904 coccino:
811 3863 867 3903 aec
886 3861 1037 3924 responso
1062 3861 1117 3902 aec
1140 3839 1263 3924 scripto
1287 3848 1354 3901 trc-

211 3944 306 4008 ditar
329 3951 359 4010 et
381 3965 410 4028 p.
429 3944 480 4026 26,
500 3947 514 4008 1
533 3946 616 4028 sqq).
649 3948 711 4010 iam
734 3965 806 4010 cum
830 3949 953 4010 constet
975 3945 1142 4026 epistulam
1159 3945 1268 4009 Fausti
1282 3947 1354 4010 ante

210 4049 306 4114 libros
329 4051 366 4113 de
388 4055 472 4114 statu
492 4051 616 4115 animae
633 4069 652 4114 a
668 4050 839 4116 Claudiano
863 4050 961 4114 editos
985 4049 1135 4133 scriptam
1158 4069 1236 4130 esse,
1261 4067 1356 4132 quae-

211 4155 300 4234 ritur,
324 4172 385 4236 quo
409 4173 490 4220 anno
507 4155 696 4220 Claudianus
720 4173 798 4238 opus
814 4173 906 4218 suum
924 4153 1063 4218 ediderit.
1104 4157 1198 4235 atque
1218 4154 1249 4218 in
1265 4172 1356 4238 prae·

211 4259 327 4323 tatione
339 4257 435 4324 libros
449 4258 639 4324 Claudianus
651 4257 776 4324 Sidonio
784 4259 961 4342 Apollinari
974 4259 1120 4323 dedicans
1134 4277 1205 4322 eum
1219 4261 1356 4342 appellat

211 4363 454 4446 praefectorium
470 4364 635 4448 patricium
654 4363 696 4446 (p.
716 4363 766 4444 18,
782 4362 875 4446 aa),
899 4381 993 4445 qnam
1011 4363 1197 4446 dignitatern
1213 4362 1355 4428 Sidonius
1488 4429 1493 4437 ,

1160 4465 1199 4516 b*
