3244 5130
300 465 362 529 150
678 466 714 520 11.
734 467 778 518 De
797 466 918 535 spiritu
937 470 1049 519 sancto

300 645 442 704 sanctum
474 643 622 704 creaturis
655 643 799 705 aestimet
829 642 1019 705 sociandum.
1075 647 1161 706 extra
1194 644 1353 706 seruitutis
1387 645 1435 706 est

300 745 517 824 conditionem,
553 747 604 827 qui
636 749 796 809 aeternam
830 750 932 828 potest
966 746 1100 811 tribuere
1133 746 1319 811 libertatem.
1365 765 1434 811 non

301 851 413 928 enim,
447 849 549 930 iuquit
583 849 752 932 apostolus,
790 850 993 933 accepistis
1028 851 1202 933 spiritum
1237 851 1434 915 seruitutis

300 956 435 1018 iterum
467 953 501 1017 in
533 954 680 1034 timore,
712 955 774 1017 sed
803 955 1004 1036 accepistis
1028 955 1203 1038 spiritum
1226 955 1435 1038 adoptionis

261 1087 273 1124 a
301 1058 467 1122 liliorum
499 1061 534 1122 et
564 1059 643 1141 ipse
675 1059 830 1140 spiritus
859 1059 1117 1124 testimouium
1140 1059 1263 1124 reddit
1285 1059 1435 1142 spiritui

301 1166 441 1242 nostro,
474 1163 567 1244 quod
592 1181 717 1226 sumus
740 1163 814 1227 lilii
845 1163 910 1227 dei.
958 1163 1172 1228 indubitanter
1199 1163 1355 1244 deusest,
1382 1163 1436 1246 qui

299 1286 354 1350 per
377 1267 551 1331 abremissa
572 1271 769 1349 peccatorum
793 1267 841 1331 dei
865 1267 945 1332 lilios
968 1268 1052 1332 iacit.
1139 1345 1150 1361 ,

343 1369 530 1434 Uniuersam
555 1374 728 1435 creaturam
753 1372 848 1435 etiam
872 1373 1054 1456 angelorum
1071 1377 1164 1454 atque
1180 1373 1435 1456 archangelorum

301 1479 427 1558 peccato
452 1479 574 1539 constat
597 1476 693 1539 fuisse
717 1476 892 1557 obnoxiam,
916 1495 1047 1559 quorum
1068 1481 1173 1540 tamen
1190 1477 1220 1540 in
1237 1478 1330 1540 deum
1346 1475 1437 1540 oboe-

252 1607 275 1645 ιο
302 1579 461 1659 dientiam,
492 1579 742 1660 sollicitudinem,
773 1581 936 1645 caritatem
965 1585 1230 1664 transgressorum
1254 1583 1344 1644 ruina
1366 1581 1437 1644 iun-

302 1683 397 1747 dauit.
433 1683 627 1764 humilitatis,
644 1683 856 1765 subiectioniS,
873 1685 1054 1748 stabilitatis
1070 1686 1153 1749 facia
1169 1689 1217 1749 eat
1233 1685 1436 1764 confirmatio,

302 1789 479 1872 fragilitatis
511 1789 636 1872 agnitio.
672 1790 800 1872 spiritus
824 1794 959 1870 sanctus,
991 1790 1050 1854 nisi
1080 1809 1153 1873 prae
1184 1789 1329 1853 omnibus
1359 1789 1437 1853 liber

303 1897 395 1973 esset,
426 1893 463 1956 de
494 1893 593 1956 seruis
623 1893 736 1958 liberos
767 1895 868 1958 lacere
899 1913 959 1958 non
991 1899 1103 1977 posset.
1152 1912 1225 1958 nam
1249 1895 1275 1957 si
1298 1899 1439 1958 creatura

303 2001 395 2078 esset,
419 1997 591 2079 quamlibet
610 1999 641 2062 in
662 2017 734 2062 eum
756 1999 812 2062 deo
832 1999 1009 2063 conferente
1032 1999 1165 2082 gratiam
1190 1999 1366 2062 sanctitatis
1390 2017 1437 2060 re·

253 2129 276 2166 15
306 2103 472 2166 mansisset
498 2105 603 2165 tamen
635 2103 824 2166 conscientia
854 2103 1011 2168 debitoris,
1058 2107 1089 2166 et
1119 2103 1186 2166 ideo
1214 2103 1302 2166 dicit:
1335 2119 1438 2166 nemo

303 2209 430 2290 potest
459 2206 594 2270 donare
625 2211 779 2288 peccata
809 2208 882 2272 nisi
906 2209 1006 2272 solus
1030 2207 1128 2271 deus.
1176 2208 1363 2290 quicumque
1386 2206 1438 2270 ille

304 2315 361 2391 θεῖ,
396 2312 492 2394 eligat
525 2314 630 2375 utrum
660 2313 751 2376 uelit:
787 2316 841 2376 aut
874 2311 1016 2395 spiritum
1051 2316 1196 2376 sanctum
1230 2315 1356 2395 peccata
1386 2311 1439 2374 do·

304 2419 432 2480 nantem
463 2415 647 2480 confiteatur
677 2435 731 2498 per
761 2417 865 2480 omnia
895 2417 988 2480 deum
1016 2420 1079 2496 aut,
1111 2417 1137 2480 si
1161 2437 1215 2499 per
1238 2435 1309 2480 oum
1333 2415 1438 2480 donari

305 2539 396 2604 posse
420 2537 481 2584 non
505 2521 602 2584 credit
624 2521 749 2584 ueniam
772 2525 981 2604 peccatorum,
1012 2521 1178 2585 euacuauit
1201 2521 1231 2584 in
1256 2541 1289 2584 se
1313 2539 1440 2604 regene-

252 2652 278 2691 ao
305 2625 433 2690 rationis
457 2625 642 2688 beneficium
666 2628 697 2688 et
719 2624 869 2707 baptismi
893 2629 1135 2689 sacramentum.
1178 2625 1226 2688 dei
1250 2643 1323 2708 ergo
1346 2624 1440 2688 solius

305 2734 353 2792 θεῖ
375 2729 536 2794 absoluere
560 2729 682 2809 innexa,
713 2729 923 2812 redintegrare
947 2733 1102 2811 corrupta,
1130 2729 1251 2812 expiare
1275 2729 1438 2793 maculata.

306 2839 337 2898 et
368 2835 436 2896 ideo
459 2834 497 2895 ad
521 2853 593 2896 eum
616 2834 732 2896 conscii
756 2837 880 2898 nostrae
905 2833 1094 2897 infirmitatis
1118 2837 1149 2897 et
1171 2851 1245 2896 suae
1269 2833 1440 2896 maiestatis

305 2957 376 3001 cum
406 2938 525 3020 gemitu
559 2939 803 3020 proclamamus:
836 2937 906 3001 tibi
937 2938 1008 3001 soli
1038 2938 1206 3020 peccaui,
1236 2937 1266 3000 id
1298 2941 1355 3015 est,
1388 2936 1441 3017 qui

307 3043 390 3106 solus
415 3061 476 3106 non
501 3043 614 3106 teneris
637 3043 706 3126 lege
729 3043 859 3125 peccati,
882 3044 933 3124 qui
957 3044 1041 3106 solus
1065 3041 1104 3106 ab
1129 3061 1165 3106 ea
1188 3061 1249 3106 non
1271 3041 1441 3118 actualiter,

254 3171 278 3210 aa
307 3147 361 3210 sed
393 3147 576 3210 naturaliter
607 3147 726 3211 alienus
758 3167 790 3211 es
822 3151 853 3211 et
882 3148 950 3210 ideo
982 3148 1066 3214 solus
1097 3147 1258 3211 absoluere
1287 3145 1441 3209 debitores

306 3255 405 3334 poteS,
437 3251 489 3332 qui
513 3269 532 3314 a
555 3251 667 3315 debitis
701 3252 785 3316 solus
815 3251 953 3315 inmunis
985 3271 1028 3331 es,
1060 3252 1111 3334 qui
1141 3251 1223 3333 quod
1253 3249 1350 3314 habes
1380 3267 1441 3312 nou

307 3355 430 3419 aliunde
462 3359 622 3420 mutuatus
655 3375 697 3436 es,
729 3357 782 3420 sed
807 3357 843 3419 de
867 3359 920 3420 tuo
943 3357 1054 3439 plenus
1078 3375 1119 3420 es.
1166 3356 1336 3420 nonenim
1362 3353 1443 3436 prior

307 3461 471 3542 quisquam
503 3460 587 3523 dedit
618 3459 676 3524 tibi
708 3479 763 3524 nec
794 3461 916 3524 aliunde
943 3460 1091 3524 deriuatio
1115 3459 1283 3524 uirtutibus
1306 3457 1443 3541 irrigaris

308 3583 364 3628 nec
388 3584 422 3628 ex
447 3565 506 3628 alio
530 3565 633 3647 aliquo
656 3565 687 3628 in
711 3569 742 3628 te
766 3566 850 3630 iacta
872 3565 1042 3629 transfusio
1066 3569 1123 3645 est,
1152 3565 1204 3628 sed
1228 3565 1295 3647 ipse
1317 3563 1386 3627 ious
1409 3580 1442 3624 es

410 3755 438 3824 2]
458 3755 533 3808 Rom.
546 3759 570 3818 8,
585 3758 623 3810 15.
681 3755 724 3824 15]
743 3755 824 3809 Maro.
838 3758 861 3818 2,
876 3759 903 3818 75
922 3754 986 3808 Luc.
1000 3758 1025 3820 5,
1038 3757 1079 3810 21.
1133 3754 1178 3823 23]
1197 3752 1294 3808 Psalm.
1309 3755 1350 3816 50,
1364 3755 1388 3808 6.

353 3929 491 3982 1θεῖίιιιθῖ
510 3929 569 3996 Pa,
589 3929 756 3984 existimato
819 3927 946 3996 3inquid
965 3931 992 3984 R
1057 3927 1307 3983 lremisslonemo
1376 3926 1443 3980 lilios

309 4015 384 4068 deic
445 4015 620 4069 bobnonium
640 4019 667 4071 P
727 4015 906 4087 obedientiam
925 4017 952 4070 R
1011 4019 1039 4071 11
1061 4014 1233 4069 humilitaso
1289 4016 1321 4070 12
1339 4014 1381 4068 sd's
1399 4015 1443 4079 ΡΙ,

308 4101 407 4203 εἶιΡξ,
427 4103 551 4158 sanctill
605 4107 636 4158 14
655 4103 682 4156 in
702 4120 761 4156 eum
782 4102 830 4154 deo
842 4104 949 4172 scripsi,
968 4103 995 4155 in
1014 4118 1044 4155 eo
1058 4103 1110 4157 PR
1162 4101 1276 4170 gratiam
1290 4120 1313 4167 o,
1331 4097 1444 4170 grapa

308 4218 339 4269 21
361 4215 436 4266 lnexa
455 4216 481 4267 P
531 4217 565 4270 22
584 4216 680 4268 conscii
700 4217 727 4270 R
744 4217 870 4282 (alterum
889 4216 895 4268 i
915 4217 945 4268 ia
964 4219 1083 4282 rasura),
1102 4215 1205 4267 conscio
1220 4215 1246 4267 P
1296 4216 1329 4268 23
1349 4213 1443 4282 idest]

309 4301 415 4354 domine
443 4303 470 4354 P
536 4305 570 4356 26
597 4319 624 4354 θε
660 4303 687 4356 ll
713 4303 781 4363 (erat
808 4305 820 4353 t
846 4303 877 4355 in
904 4310 1013 4368 rasura)
1083 4301 1128 4370 qui
1156 4300 1239 4371 quod]
1266 4299 1391 4370 quicquid
1420 4301 1446 4356 R

310 4419 343 4490 28
362 4371 488 4468 ᾱθτίιιεῖίε
508 4416 541 4484 Ρ,
560 4414 682 4470 diriuatis
700 4416 727 4471 R
780 4419 814 4471 29
832 4415 869 4484 eall
886 4416 921 4481 R,
937 4413 953 4466 ἒ
971 4415 998 4468 Ρ
