3268 5142
320 445 384 510 392
825 447 952 502 Ruricii

320 621 448 685 haereas
471 620 595 702 affeetu,
626 621 681 686 sed
711 621 795 686 dieas
824 623 928 706 potius
956 621 1080 687 domino
1108 641 1179 686 oum
1202 623 1367 706 propheta:
1398 623 1458 687 ad-

320 725 443 790 haesit
465 726 587 790 anima
610 743 689 790 mea
710 730 795 810 post
817 730 867 808 te,
891 745 946 790 me
969 731 1093 791 autem
1117 729 1282 809 suscepit
1305 727 1459 792 deutera

320 833 397 910 tua,
428 831 478 894 uel
501 830 578 894 iilud
601 831 710 894 etiam:
742 831 832 894 mihi
859 834 981 895 autem
1010 831 1209 896 adhaerere
1233 832 1298 895 deo
1319 831 1457 896 bonum

320 937 390 1014 est,
413 951 548 1017 ponere
564 934 600 998 in
617 934 681 997 deo
705 953 806 1018 spem
830 953 961 1015 meam,
985 939 1031 1015 ut,
1055 939 1171 1017 quanto
1194 934 1299 1000 labore
1322 939 1457 1017 quanta·

281 1055 378 1119 eque
408 1038 558 1102 instantia
587 1037 729 1102 militasti
759 1039 892 1119 saeculo,
927 1039 1046 1102 seruies
1077 1039 1133 1104 deo
1164 1039 1285 1104 dicente
1315 1039 1456 1121 apostolo

319 1142 370 1206 uel
385 1146 547 1207 monente:
570 1142 769 1206 humanum
793 1143 873 1207 dioo
888 1147 1040 1226 propter
1055 1144 1314 1208 infirmitatem
1329 1144 1456 1208 carnis

319 1249 478 1310 uestrae.
513 1247 612 1310 sieut
635 1246 731 1311 enim
747 1247 973 1310 exhibuistis
990 1246 1154 1311 membra
1169 1252 1296 1312 uestra
1311 1248 1455 1312 seruire

319 1349 570 1414 inmunditiae
599 1353 635 1414 et
665 1351 872 1432 iniquitati,
903 1353 955 1415 ita
982 1369 1078 1415 nune
1101 1351 1272 1416 exhibete
1296 1351 1456 1416 membra

318 1456 445 1518 uestra
468 1453 609 1519 seruire
632 1454 802 1518 iustitiae
818 1455 855 1518 in
871 1455 1227 1520 sanctificationem.
1262 1473 1342 1519 cum
1359 1456 1454 1519 enim

268 1584 293 1623 lo
319 1557 420 1621 serui
443 1559 577 1622 essetis
593 1559 752 1640 peceati,
776 1558 887 1623 liberi
903 1560 1017 1623 eratis
1033 1559 1211 1623 iustitiae.
1246 1577 1353 1641 quem
1369 1577 1454 1643 ergo

318 1661 482 1726 fructum
511 1660 701 1726 habuistis
732 1665 835 1744 tuno,
866 1663 903 1726 in
930 1662 1065 1745 quibus
1089 1682 1185 1728 nuno
1208 1663 1454 1728 erubescitis?

319 1783 401 1830 nam
425 1766 513 1830 sinis
536 1766 686 1830 illorum
710 1784 806 1831 mora
830 1769 895 1830 est.
932 1786 1027 1831 nuno
1051 1785 1136 1832 uero
1158 1767 1311 1831 liberati
1334 1785 1353 1830 a
1374 1786 1454 1850 peo-

319 1873 416 1950 cato,
447 1871 546 1934 serui
576 1873 699 1934 autem
727 1870 820 1934 iacti
843 1869 908 1934 deo
931 1870 1079 1936 habetis
1101 1871 1263 1935 fructum
1286 1874 1453 1935 uestrum

318 1974 355 2038 in
378 1973 746 2054 sanctificationem,
769 1973 885 2038 finem
908 1993 995 2039 uero
1018 1975 1134 2039 uitam
1159 1979 1360 2039 aeternam.

267 2105 291 2144 re
360 2077 558 2142 Paenitentia
573 2079 626 2158 ita,
650 2077 746 2141 irater
762 2078 932 2159 carissime,
953 2095 1014 2142 non
1035 2079 1161 2142 nomine
1182 2081 1229 2142 est
1248 2078 1452 2161 suscipienda,

317 2179 372 2245 sed
395 2197 496 2263 opere,
520 2199 583 2245 non
605 2198 657 2244 ore
673 2183 890 2246 tantummodo
907 2181 1037 2266 agenda,
1062 2183 1116 2245 sed
1133 2182 1232 2246 eorde.
1267 2199 1379 2245 uerum
1395 2187 1452 2263 eat,

317 2283 408 2366 quod,
438 2284 520 2348 siout
540 2287 681 2367 utroque,
705 2285 763 2350 hoc
787 2289 835 2350 est
856 2287 1002 2350 interiore
1025 2286 1151 2350 homine
1175 2290 1207 2350 et
1229 2286 1379 2350 exteriore
1402 2285 1453 2348 de-

316 2389 497 2471 linquimus,
527 2389 571 2453 ita
598 2393 630 2453 et
656 2393 787 2472 utroque
809 2392 969 2472 paenitere
1001 2389 1161 2470 debemus,
1192 2394 1237 2470 ut,
1268 2389 1351 2453 sicut
1380 2389 1453 2453 dicit

317 2493 399 2558 idem
423 2493 595 2575 apostolus:
626 2495 736 2558 eorde
759 2495 925 2559 ereditur
949 2495 991 2559 ad
1014 2495 1216 2574 iustitiam,
1246 2512 1307 2558 ore
1331 2497 1452 2558 autem

264 2625 290 2664 ro
317 2598 504 2662 confessio
534 2598 581 2662 fit
613 2598 650 2662 in
681 2599 856 2680 salutem,
887 2601 929 2664 ita
958 2599 1094 2683 gemitus
1125 2617 1177 2664 eor
1207 2601 1350 2662 nostrum
1381 2615 1453 2661 eon-

317 2702 446 2766 scientia
468 2706 684 2786 conpungente
707 2703 869 2786 concipiat,
900 2707 935 2768 ut
958 2721 1008 2768 eos
1032 2721 1066 2766 os
1089 2706 1232 2768 nostrum
1254 2721 1309 2785 per
1332 2701 1453 2766 confes-

316 2807 435 2870 sionem
465 2807 654 2870 eonfusionis
685 2806 832 2871 effundat.
879 2807 1156 2890 quinquagesimus
1191 2823 1264 2870 uero
1299 2806 1452 2888 psalmus,

316 2909 368 2990 qui
390 2909 582 2992 poenitudini
610 2910 700 2974 datur
721 2911 838 2993 pariter
861 2915 892 2975 et
914 2911 1099 2990 remissioni,
1130 2910 1179 2974 die
1202 2913 1356 2991 noctuque
1379 2927 1451 2973 oum

315 3013 418 3096 rugitu
441 3011 577 3094 fletuque
600 3017 752 3094 cantetur,
775 3019 811 3079 ut
834 3035 907 3078 uere
930 3018 962 3078 et
984 3012 1149 3078 salubriter
1172 3013 1230 3078 dici
1252 3014 1369 3096 possit.-
1395 3031 1451 3077 ru·

263 3143 288 3182 n
315 3116 461 3199 gieham
485 3135 504 3180 a
525 3118 666 3200 gemitu
690 3119 810 3182 cordis
835 3118 920 3200 mei,
946 3123 989 3182 et:
1013 3118 1237 3200 iniquitates
1261 3135 1361 3181 meas
1384 3135 1450 3201 ego

315 3238 474 3304 agnosco
498 3224 535 3284 et
557 3221 735 3286 delictum
758 3241 878 3286 meum
901 3225 1108 3286 contremo
1132 3225 1188 3285 est
1210 3239 1370 3303 semper,
1400 3223 1449 3286 uel

314 3323 391 3388 iliud
414 3325 523 3389 etiam:
555 3325 727 3408 quoniam
759 3326 1000 3408 iniquitatem
1023 3344 1139 3390 meam
1163 3344 1228 3408 ego
1250 3325 1449 3408 pronuntio

315 3433 348 3492 ot
372 3428 546 3512 cogitabo
568 3447 632 3511 pro
654 3433 806 3514 peceato
834 3447 921 3494 meo.
967 3431 1018 3494 hio
1041 3431 1125 3494 enim
1148 3433 1220 3494 ante
1244 3448 1299 3494 nos
1322 3433 1449 3512 peecata

315 3535 422 3598 nostra
445 3551 512 3598 esse
536 3531 660 3614 debent,
684 3537 719 3598 ut
734 3535 766 3598 in
783 3538 945 3599 aeternum
961 3539 1069 3600 eontra
1084 3553 1139 3598 nos
1156 3553 1224 3598 esse
1240 3535 1447 3618 nonpossint,

261 3663 288 3702 ao
314 3637 386 3719 quia
408 3638 452 3702 ita
470 3637 584 3721 legitur
599 3637 631 3702 in
646 3639 821 3720 prophetis:
845 3639 902 3703 dic
924 3643 962 3703 tu
985 3639 1085 3722 prior·
1107 3639 1328 3720 iniquitates
1351 3643 1447 3718 tuas,

314 3745 353 3804 ut
375 3741 611 3807 iustificeris.
659 3761 677 3806 a
700 3761 760 3825 quo
783 3745 901 3826 priores
925 3744 1037 3808 dicturi
1060 3762 1168 3808 sumus
1192 3743 1371 3826 iniquitates
1394 3762 1446 3808 no·

417 3897 444 3966 1]
457 3897 556 3951 raum.
568 3900 644 3962 cas.
681 3897 924 3967 squameam.
965 3897 1170 3968 6]Rom.6,19.
1213 3899 1446 3968 191n0m.1o‚1o.

313 3982 357 4052 ac]
377 3983 568 4050 sennaab.
614 3984 863 4054 25]Pse1m.5o.5.
911 3985 1173 4055 tarsensem.
1218 3986 1446 4056 sansaream.

356 4123 373 4176 3
396 4119 521 4175 adherere
547 4125 569 4178 S
638 4125 654 4179 8
677 4121 792 4176 exhibite
817 4124 840 4179 S
909 4125 939 4178 ll
964 4123 1039 4192 tuno]
1063 4123 1091 4176 in
1109 4123 1163 4176 illis
1181 4125 1446 4195 canapariam.

314 4206 507 4264 arubiaoitisS
577 4211 608 4265 15
626 4209 789 4279 patientiae
860 4209 899 4263 ita
916 4228 966 4266 ono.
983 4231 996 4266 o
1069 4213 1099 4266 17
1119 4215 1146 4264 et
1164 4211 1291 4264 exteriore
1308 4211 1448 4266 homineo

316 4296 347 4349 18
369 4296 397 4348 et
418 4314 443 4364 o,
465 4296 542 4352 uas
593 4299 626 4352 22
649 4295 915 4365 quinquagesimus
967 4295 1116 4365 psalmus
1165 4299 1198 4352 23
1217 4296 1354 4352 dicatuso
1407 4313 1447 4350 ro-

312 4381 437 4436 missioue
459 4383 482 4438 S
532 4384 565 4438 27
583 4383 730 4452 pronuncio
749 4385 772 4440 S
823 4385 857 4438 30
876 4399 928 4451 qua
948 4384 970 4438 S
