3222 5144
308 457 372 522 230
755 459 820 514 1111.
840 459 950 515 Sermo
967 463 991 518 2.

309 636 355 699 sol
378 635 415 698 de
439 653 564 700 summa
586 636 750 700 altitudine
773 637 922 702 claritatis
949 641 1097 721 pateruae
1120 640 1313 706 descendeus
1335 643 1444 707 uuluae

308 739 470 823 uirgiualis
503 739 623 804 aditum
656 740 820 822 reserauit,
858 741 954 806 totius
988 743 1097 808 muudi
1129 743 1296 828 caliginem
1329 746 1446 830 fulgida

309 845 520 908 coruscatione
542 846 698 928 respersit.
742 845 855 926 ducite,
886 845 994 911 fideles
1025 847 1151 928 Christi,
1181 849 1296 914 festina
1326 843 1444 934 gaudia.

309 967 359 1012 res
383 947 472 1013 uubis
500 949 590 1014 hodie
617 950 701 1014 lacta
724 954 771 1014 est
794 969 886 1031 nona,
914 969 994 1034 quae
1021 953 1096 1016 olim
1123 954 1226 1018 fuerat
1247 955 1446 1038 repromissa,

271 1055 346 1121 sut
379 1053 445 1117 siue
480 1053 609 1138 uirginis
644 1053 830 1119 detrimento
867 1055 994 1137 pudoris
1029 1057 1127 1121 tilium
1166 1057 1321 1122 lactarent
1354 1058 1447 1124 ubera

310 1157 487 1241 genetricis.

353 1261 441 1326 Haec
457 1267 505 1326 est
526 1262 582 1328 illa
603 1263 726 1328 nouitas
742 1263 920 1328 Hieremiae
941 1263 1111 1347 prophetae
1126 1265 1273 1331 uaticinio
1297 1268 1448 1332 nuntiata:

311 1366 439 1446 iaciat,
471 1367 583 1449 iuquit,
614 1367 785 1432 domiuus
815 1386 952 1433 nouum
983 1388 1094 1452 super
1124 1373 1277 1452 terram,
1304 1375 1337 1435 et
1363 1372 1449 1454 quasi

312 1471 469 1553 quendam
491 1471 651 1536 lucernam
675 1471 767 1536 huius
790 1471 989 1538 obscuritatis
1012 1474 1184 1538 accendens
1207 1475 1355 1541 continuo
1378 1476 1450 1540 sub·

261 1603 286 1642 ro
312 1576 398 1640 iecit:
421 1575 562 1640 lamina
584 1575 831 1640 circumdabit
853 1576 983 1642 uirum.
1018 1576 1078 1642 hoc
1093 1581 1152 1659 est,
1168 1578 1307 1661 inquam,
1323 1597 1448 1660 nouum,

312 1681 395 1762 quod
418 1684 649 1764 superterram
673 1680 739 1746 dico
763 1681 923 1745 domiuum
947 1701 1016 1746 esse
1038 1681 1206 1764 facturum,
1230 1684 1312 1765 quod
1336 1683 1450 1748 femina

313 1785 517 1850 circumdabit
545 1787 658 1850 uirum.
705 1785 869 1866 aduertite,
907 1785 1037 1868 fratrae,
1072 1790 1103 1850 et
1132 1805 1183 1851 me
1213 1788 1317 1870 potius
1348 1793 1449 1853 uestro

313 1890 475 1954 intellectu
497 1890 684 1973 praecedite.
707 1891 836 1971 femina,
859 1891 971 1972 iuquit,
995 1889 1200 1956 circumdabit
1222 1892 1335 1956 uirum.
1367 1911 1384 1957 o
1407 1893 1450 1956 f-

314 1995 400 2058 miua
423 2013 515 2076 super
538 1995 671 2059 feminas
694 1995 868 2076 benedicta,
891 2013 971 2077 quae
992 1999 1023 2060 et
1045 1997 1150 2060 uirmn
1172 1997 1400 2080 nou'coguouit
1422 1999 1450 2060 et

262 2123 287 2165 rs
314 2099 417 2162 uirum
441 2117 497 2163 suo
520 2103 608 2163 utero
631 2100 843 2181 circumdedit,
867 2117 945 2182 quac
969 2101 1135 2165 concubitu
1159 2101 1274 2165 carnali
1298 2119 1359 2164 nou
1383 2105 1450 2165 tau·

314 2203 398 2286 gitur
429 2207 460 2267 et
487 2207 592 2267 mmeu
625 2205 736 2268 carnea
767 2205 853 2288 prole
887 2203 925 2268 de
957 2204 1086 2287 spiritali
1117 2205 1236 2268 semiue
1267 2205 1449 2288 gratulatur.

195 2299 206 2310 “
315 2307 487 2372 circumdat
508 2307 610 2371 uuum
634 2307 735 2372 Maria
758 2309 869 2392 angelo
892 2307 986 2372 fidem
1009 2309 1120 2389 dando,
1144 2308 1217 2390 quia
1232 2307 1300 2372 Eua
1321 2307 1452 2392 perdidit

315 2414 419 2476 uirum
452 2411 588 2494 serpenti
618 2413 849 2477 consentiendo.
886 2412 991 2492 faciet,
1022 2413 1132 2495 inquit,
1163 2413 1307 2477 domiuus
1338 2431 1452 2477 nouum

316 2536 409 2601 super
439 2521 565 2582 terram.
612 2520 646 2580 ut
675 2517 772 2601 igitur
803 2516 993 2582 exhibendae
1025 2517 1117 2580 buius
1148 2517 1297 2581 nouitatis
1329 2521 1451 2600 tempus

264 2647 289 2686 ao
318 2621 452 2702 aduenit,
481 2621 624 2686 caelestis
652 2621 691 2685 ad
718 2621 872 2704 uirffi'uem
899 2621 1108 2702 praemittitur
1134 2621 1279 2702 nuntius,
1308 2622 1454 2685 salutauit

317 2727 448 2810 augelus
471 2726 609 2810 puellam
634 2726 693 2790 uiri
716 2725 912 2790 salutationis
935 2726 1086 2808 ignaram.
1112 2729 1246 2788 terretur
1265 2725 1352 2808 uirgo
1368 2724 1456 2788 uoui-

318 2835 383 2894 tate
400 2829 576 2910 uerborum,
601 2831 753 2912 adquam
778 2831 923 2914 augelus:
955 2847 999 2892 na
1021 2830 1171 2909 timeae,
1195 2829 1304 2911 iuquit,
1327 2827 1455 2907 Maria,

319 2935 501 2998 inuenisti
528 2935 626 2999 euim
654 2935 814 3018 gratiam
842 2933 938 3016 apud
965 2933 1162 2998 domiuum.
1208 2951 1258 3012 ue,
1282 2933 1392 3015 inquit,
1415 2931 1454 2995 ad

319 3043 522 3122 conspectum
538 3057 655 3119 meum,
679 3043 780 3102 mater
795 3037 911 3102 domiui
929 3038 1000 3118 mei,
1024 3037 1178 3117 terrearis
1203 3055 1260 3120 ego
1284 3036 1457 3119 conceptio-

268 3167 293 3206 as
320 3143 368 3207 uis
392 3147 465 3208 tuae
489 3143 629 3207 minister
653 3143 774 3222 aduam,
802 3143 868 3225 ipse
893 3161 943 3206 mc
966 3142 1053 3206 misit
1075 3141 1113 3206 ad
1136 3145 1179 3220 te,
1208 3142 1259 3223 qui
1283 3146 1331 3204 est
1358 3140 1458 3205 nasci-

321 3251 410 3311 turus
438 3267 473 3311 er
497 3253 539 3328 te,
567 3247 633 3330 ipse
656 3247 712 3312 tibi
740 3267 795 3330 per
817 3267 868 3311 me
892 3247 1057 3310 adnuntiat
1083 3245 1243 3328 gaudium,
1271 3245 1320 3308 cui
1343 3245 1458 3328 placuit

321 3353 353 3416 iu
376 3357 462 3416 utero
486 3357 627 3416 tuocum
650 3353 788 3416 humana
810 3355 922 3415 natura
945 3351 1112 3433 mysticum
1136 3349 1253 3414 sociare
1269 3349 1456 3432 coniugium.

322 3457 505 3520 iuuenisti
535 3457 695 3540 gratiam
723 3456 818 3538 apud
850 3455 971 3536 deum,
1004 3473 1088 3518 ecce
1116 3453 1307 3536 concipies
1336 3457 1371 3517 et
1400 3469 1458 3536 pa·

427 3655 455 3725 8]
473 3654 590 3709 Hieram.
603 3657 644 3718 31,
658 3656 699 3710 22.
752 3654 799 3724 22]
817 3652 880 3708 Luc.
896 3657 918 3718 1,
932 3654 973 3708 30.
1027 3651 1073 3721 28]
1091 3651 1155 3705 Luc.
1170 3654 1193 3715 1,
1205 3652 1247 3706 30.

370 3841 517 3907 lpaterue
539 3837 569 3892 D
621 3835 759 3890 discedens
783 3837 812 3892 D
864 3835 944 3890 uulua
964 3836 993 3891 D
1051 3833 1233 3890 arcscruauia
1250 3834 1280 3889 D
1338 3835 1412 3886 totus
1430 3830 1459 3885 D

325 3924 439 3979 thodia
500 3939 550 3992 que
569 3925 598 3978 D
659 3922 725 3976 olliri
742 3925 771 3977 D
832 3923 973 3991 lppbete
997 3923 1025 3977 1)
1087 3919 1220 3989 8lnquid
1245 3919 1274 3974 D
1335 3916 1457 3974 decuti-

326 4027 393 4064 nuos
412 4011 441 4066 D
499 4015 531 4066 lo
555 4009 666 4064 feminas
689 4011 719 4065 D
773 4013 804 4064 la
826 4009 917 4078 putiue
936 4010 965 4063 D
1024 4011 1055 4064 13
1073 4006 1222 4078 praecedite
1241 4008 1323 4076 Aup,
1345 4004 1415 4074 perte
1433 4002 1461 4057 D

327 4097 440 4176 laminas
457 4099 488 4152 D
539 4097 632 4166 inquid
651 4097 680 4151 D
734 4099 766 4152 14
785 4097 877 4163 queD
931 4099 962 4151 15
982 4111 1031 4164 que
1049 4097 1079 4150 D
1128 4092 1311 4148 concubitoD
1367 4093 1398 4147 16
1410 4088 1461 4158 spi·

329 4177 405 4264 ritald
424 4211 454 4264 D
505 4210 605 4264 semiue
622 4227 757 4280 suprascr.
773 4209 802 4263 D
853 4207 1039 4276 gratulabatur
1057 4211 1086 4263 D
1146 4209 1177 4262 li
1196 4207 1256 4259 uiru
1275 4221 1410 4276 suprascr.
1423 4199 1462 4256 D²

329 4297 484 4368 quirnea,
502 4298 594 4364 qucD
647 4298 738 4367 puaD
791 4295 973 4364 18inquidD
1032 4297 1064 4350 19
1077 4292 1222 4349 exbibenda
1240 4293 1270 4347 D
1322 4288 1462 4356 casaia-

292 4465 295 4472 ,
330 4411 394 4481 quid
412 4412 441 4465 D
494 4412 527 4465 25
546 4375 692 4464 nascituras
710 4410 740 4463 D
792 4410 825 4464 27
844 4407 953 4461 misticis
972 4409 1001 4462 D
