3268 5142
635 495 699 550 1111.
719 495 828 550 Sermo
846 497 887 551 27.
1267 495 1328 560 331

191 670 304 734 mnndi
327 671 419 735 huius
444 675 475 735 et
499 675 536 736 de
560 670 620 735 dne
644 672 760 736 saeculi
783 671 919 736 clamare
947 689 1008 736 non
1037 671 1158 736 desinat
1178 673 1330 736 iustorum

190 775 332 857 praemia
355 777 386 838 et
407 778 605 858 peccatorum
629 775 780 859 supplicia
807 795 929 858 semper
957 775 1157 856 annuntians,
1184 779 1229 855 ut,
1257 775 1331 838 dum

189 880 239 943 illi
261 883 469 962 prouocantur
492 881 531 945 ad
553 880 671 945 bonum
695 883 727 944 et
748 881 794 944 illi
809 880 1003 946 deterrentur
1025 881 1152 960 amalo,
1176 881 1269 944 simul
1293 879 1330 944 ad

190 983 332 1066 praemia
355 987 483 1049 aeterna
497 984 691 1068 perueniant.
730 983 812 1048 unde
836 989 868 1048 et
883 1003 940 1068 ego
956 1003 1039 1048 nunc
1054 987 1331 1068 praesumptuosus

191 1107 263 1151 esse
286 1105 347 1152 non
372 1093 477 1153 metuo
493 1089 531 1152 do
546 1092 633 1153 tauto
656 1107 693 1153 ac
708 1089 763 1153 tali
777 1093 908 1172 patrono
931 1091 1037 1153 nostro
1052 1089 1200 1172 peculiari
1223 1092 1331 1152 sancto
1369 1113 1382 1152 e

189 1191 371 1276 Augustino
386 1191 570 1258 fiducialiter
585 1193 772 1276 praedicare.
802 1211 874 1273 non,
890 1193 1029 1275 inquam,
1045 1193 1331 1276 praesumptionem

190 1315 262 1360 esse
283 1289 399 1378 metuo,
423 1298 458 1378 si,
482 1316 553 1362 cnm
576 1299 642 1380 ipss
666 1297 848 1380 spiritaliter
863 1297 990 1362 indutus
1013 1315 1049 1361 ac
1063 1297 1222 1380 praeditus
1238 1297 1333 1361 fuerit

190 1403 352 1464 tantarum
376 1402 446 1466 doto
470 1402 634 1482 uirtutum,
657 1402 745 1466 uelut
766 1419 865 1466 unum
887 1421 939 1466 me
956 1405 1112 1466 extremae
1135 1401 1233 1466 uestis
1257 1419 1331 1466 suae

190 1504 339 1588 profitear
362 1525 431 1570 esse
454 1505 709 1586 tintinnabulum,
733 1509 769 1571 ut
791 1506 957 1570 inhaerens
981 1506 1072 1588 quasi
1094 1506 1177 1570 circa
1199 1505 1333 1590 uestigia

190 1609 349 1674 doctrinae
373 1610 456 1674 illius
481 1629 516 1674 ex
539 1610 658 1674 meritis
683 1611 748 1674 eius
772 1629 884 1674 sonum
907 1610 992 1676 uocis
1016 1611 1164 1693 accipiam
1188 1613 1220 1674 et
1241 1609 1330 1691 quasi
1359 1635 1383 1672 ιο

191 1713 330 1778 motibus
354 1715 420 1778 aius
442 1715 487 1778 ita
509 1714 677 1779 uirtutibus
701 1715 849 1780 incitatus
866 1715 994 1779 reddam
1010 1715 1330 1796 quantulumcumque

191 1819 343 1883 tinnitum
366 1823 399 1884 et
421 1837 549 1886 suorum
571 1821 868 1885 commemoratione
896 1820 1078 1885 meritorum
1106 1819 1198 1884 corda
1225 1821 1331 1883 uestra

189 1923 325 2008 pulsem.

237 2027 327 2092 quta
341 2029 418 2093 haec
439 2033 555 2110 autem,
578 2033 614 2094 ut
628 2030 955 2110 commemorauimur,
978 2032 1173 2110 ornamenta,
1197 2047 1275 2111 quae
1298 2029 1330 2094 iu

191 2137 302 2198 sancto
325 2132 505 2218 Augustino
528 2135 633 2199 diuina
654 2134 848 2219 indulgentia
870 2134 1052 2198 meritorum
1074 2135 1143 2198 luce
1166 2133 1330 2214 concessit,
1358 2157 1384 2196 ra

190 2237 287 2301 aliam
318 2237 420 2302 adhuc
447 2238 685 2303 similitudinem
715 2239 849 2322 legimus
880 2239 912 2302 in
943 2239 1040 2302 ueteri
1070 2241 1266 2303 testamento.
1313 2255 1331 2302 a

190 2341 295 2406 tronto
319 2342 402 2406 enim
421 2343 577 2425 pontilicis
592 2347 757 2426 praetenta
780 2343 847 2407 auri
869 2344 987 2407 lamina
1001 2342 1228 2427 praefulgebat,
1251 2361 1330 2423 quae

190 2446 310 2510 scilicet
332 2465 388 2529 per
410 2447 529 2511 metalli
557 2448 689 2511 nitorem
717 2450 888 2512 ostentaret
915 2447 1122 2511 conscientiae
1149 2446 1329 2529 puritatem.

191 2549 395 2614 nihilominus
419 2550 622 2634 coaptabatur
649 2551 678 2614 ei
705 2551 865 2615 humerale
887 2553 1083 2635 gemmatum
1112 2553 1143 2614 et
1165 2569 1184 2613 a
1206 2553 1330 2632 pectore

191 2655 307 2718 monile
334 2655 516 2738 pretiosum,
548 2659 592 2735 ut,
624 2655 757 2737 qualiter
788 2655 913 2721 interior
943 2654 1128 2720 excolendus
1157 2657 1251 2734 esset,
1279 2673 1329 2718 er·
1357 2679 1383 2718 ao

190 2759 313 2824 terioris
344 2777 466 2841 quoqne
497 2760 633 2844 dignitas
664 2761 855 2825 admoneret.
906 2760 938 2824 in
971 2759 1037 2842 ipso
1067 2777 1189 2841 quoque
1223 2758 1330 2822 monili

192 2861 300 2927 Aaron
324 2863 468 2928 sacerdos
492 2864 620 2928 nomina
634 2863 769 2929 filiorum
785 2863 884 2929 Israel
907 2883 998 2946 opere
1017 2863 1190 2946 gemmario
1213 2863 1332 2926 intexta

189 2967 346 3051 gestabat.
392 2968 472 3032 hanc
495 2968 601 3050 itaque
623 2967 686 3052 (ut)
708 2985 797 3032 sacra
819 2969 902 3032 illius
926 2968 1109 3032 indumenta
1128 2967 1331 3050 magnificen-

190 3071 269 3136 tiam
304 3071 336 3134 in
370 3075 497 3136 sanctae
530 3072 751 3137 recordationis
786 3073 892 3136 domni
922 3071 1092 3155 Augustini
1121 3071 1330 3136 laudabilibus

191 3175 346 3240 institutis
370 3179 402 3240 et
417 3175 611 3240 diuersarum
627 3177 797 3260 gratiarum
814 3175 1006 3259 spiritalibus
1027 3177 1203 3259 margaritis
1227 3175 1331 3258 splen·
1357 3199 1383 3239 aa

191 3279 264 3343 dere
295 3280 480 3363 gaudemus,
511 3281 565 3344 sed
595 3281 627 3344 in
658 3281 710 3345 illo
742 3281 839 3346 multo
870 3281 1004 3363 amplius
1036 3281 1196 3361 multoque
1227 3281 1330 3344 uerius

192 3383 390 3466 splenduisse
417 3383 598 3466 probantur.
649 3403 728 3466 quae
756 3403 828 3449 cum
855 3385 886 3448 in
915 3383 999 3448 illius
1026 3383 1133 3448 Aaron
1160 3384 1331 3468 imaginata

189 3487 307 3552 fuerint
329 3488 530 3570 indumentis
552 3489 629 3553 haec
651 3489 684 3553 in
707 3489 791 3553 illius
814 3490 865 3553 uel
880 3489 982 3573 gratia
1004 3489 1163 3552 euidenter
1182 3491 1257 3552 sunt
1279 3507 1331 3552 ex-

192 3609 302 3674 pressa
331 3592 382 3656 uel
412 3593 543 3656 meritis.
589 3593 621 3657 in
652 3593 706 3656 illo
736 3593 804 3657 anri
833 3593 951 3657 lamina
984 3593 1190 3658 eminentiam
1218 3593 1331 3656 frontis

188 3694 333 3777 ornabat,
355 3695 387 3760 in
410 3696 469 3760 hoc
492 3714 586 3762 aurea
608 3697 797 3762 uerecundia
819 3701 851 3762 et
866 3697 1028 3762 sinceritas
1044 3697 1181 3781 pretiosa
1195 3697 1330 3761 frontem
1357 3721 1384 3762 so

192 3799 307 3864 mentis
336 3799 479 3864 inradiat.
526 3800 653 3882 antiqua
684 3801 738 3864 illa
767 3801 922 3885 peregrini
945 3801 1055 3884 lapidis
1086 3803 1270 3866 ornamenta
1301 3803 1332 3864 ot

195 3903 317 3985 operosi
340 3903 458 3968 decoris
473 3904 611 3988 insignia
632 3904 678 3968 illi
693 3903 879 3969 uidebantur
899 3907 1050 3988 apposita,
1073 3906 1145 3969 huic
1159 3903 1331 3988 probantur

192 4009 312 4092 gratiae
336 4007 482 4092 largitate
505 4027 662 4090 concessa,
686 4009 717 4073 in
742 4009 795 4074 illo
819 4009 1004 4074 adumbrata
1027 4013 1116 4074 erant
1139 4027 1235 4074 manu
1258 4009 1332 4074 arti-

233 4183 405 4238 8tautorum
425 4181 452 4236 P
516 4185 547 4238 15
566 4199 631 4236 aum
650 4181 703 4236 luci
721 4183 914 4240 oenomaum?
980 4185 1012 4240 18
1030 4183 1205 4237 conscientiae
1222 4185 1330 4253 scripsi,

191 4267 402 4322 mnatanhaeP
473 4271 505 4324 19
524 4267 712 4322 nichilominus
731 4270 759 4323 P
826 4272 861 4325 20
879 4269 979 4324 munile
995 4271 1116 4340 peiorum
1140 4271 1167 4325 P
1236 4285 1331 4338 exquo-

191 4353 285 4408 lendua
312 4355 340 4410 P
408 4357 440 4411 21
469 4354 586 4409 munitae
613 4357 640 4410 P
709 4357 742 4412 22
770 4356 867 4410 israhel
895 4359 922 4412 P
990 4361 1024 4414 23
1050 4359 1082 4412 ut
1103 4358 1210 4427 addidi,
1237 4376 1287 4416 om.
1306 4359 1333 4413 P

193 4443 227 4502 28
244 4441 346 4498 moriat
362 4443 469 4514 scripsi,
488 4442 595 4497 inerant
615 4445 642 4500 P
693 4445 727 4502 30
744 4444 834 4515 peiora
851 4445 879 4499 P
