3244 5130
287 457 349 520 156
666 457 701 512 Π.
721 458 765 511 De
784 457 904 527 spiritu
924 461 1036 512 sancto

286 632 367 696 dem
389 633 515 713 posuit
535 633 622 696 deus
644 634 680 697 in
701 634 869 696 ecclesia.
901 635 953 714 qui
970 633 1045 696 dous
1062 634 1121 697 nisi
1137 633 1265 716 spiritus
1281 637 1422 710 sanctus,

286 737 373 800 cuius
402 754 553 819 personae
584 737 720 801 ostendit
749 737 887 802 officium
917 737 1092 802 distributio
1122 737 1304 821 gratiarum,
1339 739 1422 801 sicut.

285 840 458 905 continenti
497 859 639 906 sermone
678 841 893 923 subsequitur:
938 842 1079 924 posuit,
1114 843 1223 923 inquit,
1261 841 1349 906 deus
1382 842 1420 904 in

285 945 445 1010 ecclesia
466 947 623 1029 primum
647 946 851 1029 apostoloS,
876 946 1036 1010 secundo
1059 946 1276 1029 prophetae,
1306 946 1421 1009 tertio

246 1050 471 1130 edoctorcs,
507 1050 637 1114 deinde
668 1050 845 1130 uirtutes,
880 1051 962 1114 exin
992 1051 1136 1133 gratias
1170 1051 1420 1130 curationum,

285 1155 572 1237 opitulationes,
587 1155 895 1239 gubernationes
911 1173 1048 1238 genera
1062 1155 1283 1238 linguarum.
1315 1172 1420 1236 quos-

285 1258 380 1338 dam,
409 1260 520 1340 inquit,
551 1259 640 1324 deus
662 1260 790 1343 posuit
812 1259 849 1323 in
873 1259 1043 1323 ecclesia.
1082 1259 1163 1342 quod
1193 1260 1243 1323 bic
1266 1259 1358 1322 deum
1381 1258 1420 1322 de

285 1363 396 1445 spiritu
413 1367 520 1428 sancto
536 1363 656 1444 dixerit,
682 1364 760 1448 ipsa,
784 1382 863 1446 quae
879 1364 917 1426 ad
941 1364 1085 1447 spiritum
1108 1367 1251 1427 sanctum
1274 1363 1420 1446 pertinet,
1507 1429 1510 1435 ,

285 1465 474 1549 dispensatio
497 1468 777 1533 sanctificationum
800 1468 1014 1550 uirtutumquc
1031 1467 1219 1532 manifestat.
1253 1469 1320 1550 ipse
1336 1468 1419 1530 enim

233 1595 258 1632 ιο
284 1573 505 1654 prophetarum
521 1591 575 1637 ora
589 1572 768 1656 locupletat,
792 1572 984 1636 curationum
1000 1571 1140 1636 remedia
1154 1571 1323 1654 dispensat,
1347 1571 1420 1634 cha-

284 1675 448 1740 rismatum
478 1681 661 1742 ornamenta
691 1677 893 1760 multiplicat,
928 1695 987 1759 quo
1017 1677 1049 1741 in
1084 1677 1240 1760 apostolos
1269 1674 1419 1740 influente

284 1779 378 1844 deum
401 1780 490 1845 illum
512 1781 726 1846 uniuersitatis
750 1801 817 1845 esse
840 1781 999 1865 signorum
1023 1781 1174 1846 miracula
1196 1785 1228 1846 et
1242 1781 1419 1864 linguarum

285 1883 409 1948 diuersa
430 1904 546 1969 genera
568 1887 755 1950 cecinerunt.

816 2129 887 2193 XII.

235 2272 258 2312 ¹5
284 2290 336 2330 UBI
358 2289 426 2348 BOS,
450 2290 503 2338 QUI
524 2291 663 2332 spral'rus
688 2291 796 2332 SANCTI
820 2290 967 2331 TBMPLUM
991 2290 1123 2329 EFFECTI
1147 2289 1235 2346 SUNT,
1257 2287 1309 2328 ITA
1333 2287 1419 2327 mern

284 2375 457 2418 Pnorlcuna
480 2379 616 2437 DEBERE,
645 2379 685 2420 UT
712 2379 800 2421 Duum
828 2377 972 2418 Portunata
995 2378 1026 2416 ln
1049 2375 1190 2416 CORPORE
1217 2373 1417 2416 MEREANTUB.

327 2511 383 2576 Ait
402 2513 505 2596 itaque
525 2513 683 2597 apostolus
702 2513 741 2578 ad
758 2511 949 2580 Corinthios:
971 2511 1141 2592 nescitis,
1161 2510 1247 2592 quia
1266 2525 1420 2592 corpora

283 2622 411 2682 uestra
441 2619 620 2700 templum
651 2621 709 2682 est
738 2617 897 2701 spiritus
932 2616 1063 2680 sancti.
1109 2615 1262 2697 templum
1292 2613 1418 2696 spiritus

285 2723 384 2786 sancti
415 2724 569 2806 templum
600 2742 668 2788 esse
698 2722 747 2786 dei
774 2720 992 2805 praecedentia
1015 2721 1155 2784 eiusdem
1183 2718 1332 2801 epistolae
1354 2717 1419 2780 eui·

232 2849 257 2888 ro
283 2827 392 2891 denter
414 2827 586 2908 insinuant,
610 2845 682 2892 cum
705 2825 826 2892 dicunt:
858 2843 902 2890 an
926 2824 1099 2904 nescitiS,
1132 2823 1218 2906 quia
1239 2821 1418 2904 templum

284 2931 343 2994 dei
381 2932 473 2996 estis
511 2935 548 2996 et
586 2931 743 3016 spiritus
777 2933 930 2994 sanctus
963 2928 1111 2993 habitat
1142 2928 1179 2990 in
1213 2925 1341 2990 uobis?
1382 2928 1420 2988 et

285 3035 440 3118 spiritus
464 3039 633 3117 sanctus,
656 3035 767 3118 inquit,
791 3033 998 3098 habitatin
1021 3032 1137 3096 uobis.
1176 3031 1245 3113 quis
1269 3029 1339 3094 illos
1362 3029 1419 3092 du·

284 3139 363 3204 bitet
384 3139 450 3204 eius
467 3140 517 3204 dci
533 3159 601 3205 esse
616 3141 781 3223 templum,
804 3140 891 3204 onius
909 3157 977 3202 esse
992 3136 1163 3221 probantur
1184 3134 1419 3199 habitaculum?

285 3247 410 3308 etcum
434 3244 574 3309 dixisset:
605 3244 776 3325 nescitis,
800 3244 886 3326 qnia
908 3259 1063 3326 corpora
1084 3243 1213 3304 uestra
1239 3238 1417 3320 templum

232 3372 257 3411 a
284 3351 343 3412 est
372 3349 528 3432 spiritus
560 3349 697 3429 sancti,
726 3349 772 3412 ita
801 3347 971 3430 capitulum
1000 3345 1159 3408 luculenta
1188 3343 1319 3407 ueritate
1346 3359 1419 3405 con·

284 3453 391 3517 clusit:
421 3453 651 3537 glorificato,
682 3453 794 3535 inquit,
825 3455 860 3515 et
890 3453 1039 3534 portate
1066 3449 1172 3512 deum
1199 3449 1236 3511 in
1266 3463 1418 3530 corpore

284 3561 420 3622 uestro.
459 3575 532 3641 ergo
562 3558 615 3639 qui
645 3557 767 3640 spiritui
798 3559 905 3620 sancto
936 3553 1073 3618 studiose
1096 3551 1243 3635 puritatis
1266 3550 1417 3632 templum

283 3667 448 3745 praeparat
477 3663 509 3726 in
539 3662 640 3742 corde,
670 3681 725 3744 per
756 3661 933 3726 castitatem
962 3662 993 3722 et
1019 3655 1291 3722 mortificationem
1318 3653 1420 3716 carnis

389 3843 432 3913 17]
453 3847 465 3900 1
480 3843 539 3900 Cor.
552 3847 576 3908 6,
591 3847 631 3900 lo.
685 3843 730 3912 20]
751 3846 762 3898 l
778 3841 874 3906 Cor.3,
889 3843 929 3897 16.
983 3839 1028 3908 26]
1050 3841 1061 3895 l
1077 3837 1135 3893 Cor.
1149 3839 1173 3900 6,
1186 3838 1228 3892 20.

328 4010 498 4066 leocleaiam
517 4029 547 4065 u*
585 3970 631 4078 oui
650 4007 685 4062 ds
700 4009 761 4076 PR,
779 4005 844 4074 quid
863 4011 959 4060 sunto
1011 4002 1212 4060 teccleaiamu
1265 3997 1421 4056 bexiudau

284 4122 489 4178 'Iecclesiamc
559 4087 726 4191 adispefi'uo
745 4121 772 4174 P
842 4123 873 4174 10
891 4085 1014 4187 di'pensau
1032 4119 1060 4171 P
1079 4117 1103 4182 (s
1122 4115 1270 4180 ornauit.)
1339 4111 1420 4164 caris-

284 4215 387 4266 matum
407 4211 459 4266 PR
519 4214 547 4266 ll
568 4209 695 4280 apostolis
713 4227 728 4262 o
787 4211 819 4262 13
838 4206 928 4260 diuesa
947 4207 974 4260 P
1031 4207 1178 4258 rasurae
1231 4200 1315 4253 sancti
1334 4217 1384 4254 uua
1406 4218 1421 4252 n

283 4301 317 4355 20
340 4297 405 4351 dicit
427 4298 461 4368 1’,
484 4297 582 4352 dicitnr
605 4318 619 4352 o
677 4299 722 4376 Ι22
745 4297 852 4348 sanctus
876 4313 926 4348 om.
951 4293 978 4347 P
1051 4290 1091 4343 rici
1112 4295 1175 4358 post
1198 4287 1285 4355 inquit
1307 4285 1370 4340 odd.
1395 4285 1424 4341 Ρ

284 4418 317 4481 25
334 4418 351 4480 ἔ
368 4417 402 4490 Ρ,
420 4415 528 4475 811111Ῑί
581 4417 615 4474 26
633 4379 756 4484 gld'ticate'
775 4413 803 4469 P
819 4408 852 4474 (ri
872 4425 943 4464 mure.
957 4407 1015 4476 ult.)
1069 4403 1160 4477 inquid
1179 4403 1206 4458 11
