<?xml version="1.0" encoding="UTF-8"?>
<!DOCTYPE html PUBLIC "-//W3C//DTD XHTML 1.0 Transitional//EN"
    "http://www.w3.org/TR/xhtml1/DTD/xhtml1-transitional.dtd">
<html xmlns="http://www.w3.org/1999/xhtml" xml:lang="en" lang="en">
 <head>
  <title>
</title>
<meta http-equiv="Content-Type" content="text/html;charset=utf-8" />
  <meta name='ocr-system' content='tesseract 3.04.00' />
  <meta name='ocr-capabilities' content='ocr_page ocr_carea ocr_par ocr_line ocrx_word'/>
</head>
<body>
  <div class='ocr_page' id='page_1' title='image "./praetersermones01fausgoog/praetersermones01fausgoog_0019.png"; bbox 0 0 3320 5140; ppageno 0'>
   <div class='ocr_carea' id='block_1_1' title="bbox 346 462 1029 532">
    <p class='ocr_par' dir='ltr' id='par_1_1' title="bbox 346 462 1029 532">
     <span class='ocr_line' id='line_1_1' title="bbox 346 462 1029 532; baseline 0.003 -16"><span class='ocrx_word' id='word_1_1' title='bbox 346 462 399 516; x_wconf 84' lang='lat' dir='ltr'><em>XII</em></span> <span class='ocrx_word' id='word_1_2' title='bbox 788 464 1029 532; x_wconf 81' lang='lat' dir='ltr'><em>Prolegomena.</em></span> 
     </span>
    </p>
   </div>
   <div class='ocr_carea' id='block_1_2' title="bbox 341 637 1476 3855">
    <p class='ocr_par' dir='ltr' id='par_1_2' title="bbox 347 637 1476 828">
     <span class='ocr_line' id='line_1_2' title="bbox 392 637 1476 726; baseline 0.005 -28"><span class='ocrx_word' id='word_1_3' title='bbox 392 637 535 700; x_wconf 86' lang='lat' dir='ltr'><em>Faustus</em></span> <span class='ocrx_word' id='word_1_4' title='bbox 552 661 590 701; x_wconf 82' lang='lat' dir='ltr'><em>en</em></span> <span class='ocrx_word' id='word_1_5' title='bbox 605 637 718 700; x_wconf 84' lang='lat' dir='ltr'><strong><em>abbate</em></strong></span> <span class='ocrx_word' id='word_1_6' title='bbox 734 639 918 702; x_wconf 83' lang='lat' dir='ltr'><em>Lerinensis</em></span> <span class='ocrx_word' id='word_1_7' title='bbox 933 639 1124 702; x_wconf 88' lang='lat' dir='ltr'><em>monasterii</em></span> <span class='ocrx_word' id='word_1_8' title='bbox 1139 639 1231 724; x_wconf 90' lang='lat' dir='ltr'><em>apud</em></span> <span class='ocrx_word' id='word_1_9' title='bbox 1246 640 1381 726; x_wconf 80' lang='lat' dir='ltr'><em>llepinm</em></span> <span class='ocrx_word' id='word_1_10' title='bbox 1399 639 1476 705; x_wconf 83' lang='lat' dir='ltr'><em>Gal-</em></span> 
     </span>
     <span class='ocr_line' id='line_1_3' title="bbox 347 739 1384 828; baseline 0.005 -25"><span class='ocrx_word' id='word_1_11' title='bbox 347 739 411 804; x_wconf 92' lang='lat' dir='ltr'><em>liae</em></span> <span class='ocrx_word' id='word_1_12' title='bbox 434 741 613 827; x_wconf 88' lang='lat' dir='ltr'><em>episcopus,</em></span> <span class='ocrx_word' id='word_1_13' title='bbox 637 741 695 804; x_wconf 91' lang='lat' dir='ltr'><em>uir</em></span> <span class='ocrx_word' id='word_1_14' title='bbox 717 742 753 804; x_wconf 91' lang='lat' dir='ltr'><em>in</em></span> <span class='ocrx_word' id='word_1_15' title='bbox 777 742 903 806; x_wconf 91' lang='lat' dir='ltr'><em>diuinis</em></span> <span class='ocrx_word' id='word_1_16' title='bbox 926 743 1104 828; x_wconf 88' lang='lat' dir='ltr'><em>scripturis</em></span> <span class='ocrx_word' id='word_1_17' title='bbox 1126 743 1208 806; x_wconf 88' lang='lat' dir='ltr'><em>satis</em></span> <span class='ocrx_word' id='word_1_18' title='bbox 1231 744 1384 824; x_wconf 88' lang='lat' dir='ltr'><em>intentus,</em></span> 
     </span>
    </p>

    <p class='ocr_par' dir='ltr' id='par_1_3' title="bbox 345 845 1476 1224">
     <span class='ocr_line' id='line_1_4' title="bbox 390 845 1476 934; baseline 0.004 -27"><span class='ocrx_word' id='word_1_19' title='bbox 390 845 440 930; x_wconf 85' lang='lat' dir='ltr'><em>(l)</em></span> <span class='ocrx_word' id='word_1_20' title='bbox 454 868 492 908; x_wconf 88' lang='lat' dir='ltr'><em>erc</em></span> <span class='ocrx_word' id='word_1_21' title='bbox 505 845 681 909; x_wconf 73' lang='lat' dir='ltr'><em>traditione</em></span> <span class='ocrx_word' id='word_1_22' title='bbox 691 845 829 932; x_wconf 75' lang='lat' dir='ltr'><em>symboli</em></span> <span class='ocrx_word' id='word_1_23' title='bbox 843 847 1005 911; x_wconf 73' lang='lat' dir='ltr'><em>occasione</em></span> <span class='ocrx_word' id='word_1_24' title='bbox 1021 857 1151 934; x_wconf 88' lang='lat' dir='ltr'><em>accepta</em></span> <span class='ocrx_word' id='word_1_25' title='bbox 1165 849 1341 934; x_wconf 76' lang='lat' dir='ltr'><em>composuit</em></span> <span class='ocrx_word' id='word_1_26' title='bbox 1355 847 1476 911; x_wconf 90' lang='lat' dir='ltr'><em>librum</em></span> 
     </span>
     <span class='ocr_line' id='line_1_5' title="bbox 347 948 1475 1040; baseline 0.004 -28"><span class='ocrx_word' id='word_1_27' title='bbox 347 948 384 1013; x_wconf 89' lang='lat' dir='ltr'><em>de</em></span> <span class='ocrx_word' id='word_1_28' title='bbox 406 950 531 1035; x_wconf 90' lang='lat' dir='ltr'><em>spiritu</em></span> <span class='ocrx_word' id='word_1_29' title='bbox 557 961 676 1034; x_wconf 87' lang='lat' dir='ltr'><em>saneto,</em></span> <span class='ocrx_word' id='word_1_30' title='bbox 704 951 740 1014; x_wconf 92' lang='lat' dir='ltr'><em>in</em></span> <span class='ocrx_word' id='word_1_31' title='bbox 767 973 827 1036; x_wconf 79' lang='lat' dir='ltr'><em>quo</em></span> <span class='ocrx_word' id='word_1_32' title='bbox 851 951 988 1015; x_wconf 89' lang='lat' dir='ltr'><em>ostendit</em></span> <span class='ocrx_word' id='word_1_33' title='bbox 1011 974 1081 1015; x_wconf 88' lang='lat' dir='ltr'><em>eum</em></span> <span class='ocrx_word' id='word_1_34' title='bbox 1104 953 1202 1016; x_wconf 79' lang='lat' dir='ltr'><em>iusta</em></span> <span class='ocrx_word' id='word_1_35' title='bbox 1220 951 1333 1035; x_wconf 85' lang='lat' dir='ltr'><em>fidem¹</em></span> <span class='ocrx_word' id='word_1_36' title='bbox 1339 963 1475 1040; x_wconf 89' lang='lat' dir='ltr'><em>patrum</em></span> 
     </span>
     <span class='ocr_line' id='line_1_6' title="bbox 345 1053 1476 1144; baseline 0.003 -27"><span class='ocrx_word' id='word_1_37' title='bbox 345 1063 374 1117; x_wconf 90' lang='lat' dir='ltr'><em>et</em></span> <span class='ocrx_word' id='word_1_38' title='bbox 392 1053 694 1119; x_wconf 71' lang='lat' dir='ltr'><em>consubstantialem</em></span> <span class='ocrx_word' id='word_1_39' title='bbox 714 1065 743 1119; x_wconf 93' lang='lat' dir='ltr'><em>et</em></span> <span class='ocrx_word' id='word_1_40' title='bbox 758 1055 987 1119; x_wconf 73' lang='lat' dir='ltr'><em>coaeternalem</em></span> <span class='ocrx_word' id='word_1_41' title='bbox 1003 1079 1065 1120; x_wconf 91' lang='lat' dir='ltr'><em>esse</em></span> <span class='ocrx_word' id='word_1_42' title='bbox 1083 1057 1177 1143; x_wconf 89' lang='lat' dir='ltr'><em>patri</em></span> <span class='ocrx_word' id='word_1_43' title='bbox 1193 1056 1305 1140; x_wconf 83' lang='lat' dir='ltr'><em>etjilic</em></span> <span class='ocrx_word' id='word_1_44' title='bbox 1322 1079 1360 1120; x_wconf 91' lang='lat' dir='ltr'><em>ac</em></span> <span class='ocrx_word' id='word_1_45' title='bbox 1371 1057 1476 1144; x_wconf 89' lang='lat' dir='ltr'><em>pleni-</em></span> 
     </span>
     <span class='ocr_line' id='line_1_7' title="bbox 346 1158 896 1224; baseline 0.005 -3"><span class='ocrx_word' id='word_1_46' title='bbox 346 1158 492 1222; x_wconf 80' lang='lat' dir='ltr'><em>tudinem</em></span> <span class='ocrx_word' id='word_1_47' title='bbox 514 1159 676 1223; x_wconf 85' lang='lat' dir='ltr'><em>trinitatis</em></span> <span class='ocrx_word' id='word_1_48' title='bbox 700 1159 896 1224; x_wconf 83' lang='lat' dir='ltr'><em>obtinentem.</em></span> 
     </span>
    </p>

    <p class='ocr_par' dir='ltr' id='par_1_4' title="bbox 344 1263 1476 1769">
     <span class='ocr_line' id='line_1_8' title="bbox 391 1263 1475 1353; baseline 0.004 -27"><span class='ocrx_word' id='word_1_49' title='bbox 391 1264 440 1350; x_wconf 83' lang='lat'><em>(2)</em></span> <span class='ocrx_word' id='word_1_50' title='bbox 465 1263 570 1327; x_wconf 83' lang='lat' dir='ltr'><em>edidit</em></span> <span class='ocrx_word' id='word_1_51' title='bbox 592 1287 712 1349; x_wconf 79' lang='lat' dir='ltr'><em>quoque</em></span> <span class='ocrx_word' id='word_1_52' title='bbox 736 1287 816 1350; x_wconf 90' lang='lat' dir='ltr'><em>opus</em></span> <span class='ocrx_word' id='word_1_53' title='bbox 844 1265 1003 1353; x_wconf 73' lang='lat' dir='ltr'><em>eprepium</em></span> <span class='ocrx_word' id='word_1_54' title='bbox 1031 1266 1068 1328; x_wconf 93' lang='lat' dir='ltr'><em>de</em></span> <span class='ocrx_word' id='word_1_55' title='bbox 1094 1267 1206 1353; x_wconf 77' lang='lat' dir='ltr'><em>pratia</em></span> <span class='ocrx_word' id='word_1_56' title='bbox 1234 1266 1296 1344; x_wconf 91' lang='lat' dir='ltr'><em>dei,</em></span> <span class='ocrx_word' id='word_1_57' title='bbox 1324 1289 1388 1352; x_wconf 82' lang='lat' dir='ltr'><em>qua</em></span> <span class='ocrx_word' id='word_1_58' title='bbox 1410 1266 1475 1330; x_wconf 91' lang='lat' dir='ltr'><em>sal·</em></span> 
     </span>
     <span class='ocr_line' id='line_1_9' title="bbox 345 1369 1475 1457; baseline 0.003 -27"><span class='ocrx_word' id='word_1_59' title='bbox 345 1390 476 1452; x_wconf 86' lang='lat' dir='ltr'><em>namur,</em></span> <span class='ocrx_word' id='word_1_60' title='bbox 505 1369 539 1430; x_wconf 93' lang='lat' dir='ltr'><em>in</em></span> <span class='ocrx_word' id='word_1_61' title='bbox 567 1390 640 1454; x_wconf 70' lang='lat' dir='ltr'><em>quo¹</em></span> <span class='ocrx_word' id='word_1_62' title='bbox 656 1391 751 1455; x_wconf 89' lang='lat' dir='ltr'><em>opere</em></span> <span class='ocrx_word' id='word_1_63' title='bbox 780 1369 866 1432; x_wconf 90' lang='lat' dir='ltr'><em>docet</em></span> <span class='ocrx_word' id='word_1_64' title='bbox 894 1370 1036 1456; x_wconf 79' lang='lat' dir='ltr'><em>pratiam</em></span> <span class='ocrx_word' id='word_1_65' title='bbox 1060 1369 1112 1433; x_wconf 92' lang='lat' dir='ltr'><em>dei</em></span> <span class='ocrx_word' id='word_1_66' title='bbox 1135 1393 1256 1457; x_wconf 84' lang='lat' dir='ltr'><em>semper</em></span> <span class='ocrx_word' id='word_1_67' title='bbox 1278 1381 1307 1434; x_wconf 91' lang='lat' dir='ltr'><em>et</em></span> <span class='ocrx_word' id='word_1_68' title='bbox 1329 1371 1475 1434; x_wconf 86' lang='lat' dir='ltr'><em>inuitare</em></span> 
     </span>
     <span class='ocr_line' id='line_1_10' title="bbox 345 1472 1476 1562; baseline 0.002 -26"><span class='ocrx_word' id='word_1_69' title='bbox 345 1483 373 1536; x_wconf 91' lang='lat' dir='ltr'><em>et</em></span> <span class='ocrx_word' id='word_1_70' title='bbox 392 1473 585 1557; x_wconf 89' lang='lat' dir='ltr'><em>praecedere</em></span> <span class='ocrx_word' id='word_1_71' title='bbox 612 1483 640 1536; x_wconf 93' lang='lat' dir='ltr'><em>et</em></span> <span class='ocrx_word' id='word_1_72' title='bbox 663 1472 829 1536; x_wconf 87' lang='lat' dir='ltr'><em>adiuuare</em></span> <span class='ocrx_word' id='word_1_73' title='bbox 857 1473 1059 1537; x_wconf 90' lang='lat' dir='ltr'><em>uoluntatem</em></span> <span class='ocrx_word' id='word_1_74' title='bbox 1085 1486 1229 1539; x_wconf 89' lang='lat' dir='ltr'><em>nostram</em></span> <span class='ocrx_word' id='word_1_75' title='bbox 1256 1486 1293 1558; x_wconf 87' lang='lat' dir='ltr'><em>et,</em></span> <span class='ocrx_word' id='word_1_76' title='bbox 1321 1476 1476 1562; x_wconf 82' lang='lat' dir='ltr'><em>quicquid</em></span> 
     </span>
     <span class='ocr_line' id='line_1_11' title="bbox 345 1575 1474 1666; baseline 0.004 -28"><span class='ocrx_word' id='word_1_77' title='bbox 345 1578 420 1662; x_wconf 90' lang='lat' dir='ltr'><em>ipsa</em></span> <span class='ocrx_word' id='word_1_78' title='bbox 449 1577 582 1640; x_wconf 88' lang='lat' dir='ltr'><em>libertas</em></span> <span class='ocrx_word' id='word_1_79' title='bbox 609 1575 748 1640; x_wconf 88' lang='lat' dir='ltr'><em>arbitrii</em></span> <span class='ocrx_word' id='word_1_80' title='bbox 773 1600 838 1663; x_wconf 89' lang='lat' dir='ltr'><em>pro</em></span> <span class='ocrx_word' id='word_1_81' title='bbox 870 1577 978 1642; x_wconf 89' lang='lat' dir='ltr'><em>labore</em></span> <span class='ocrx_word' id='word_1_82' title='bbox 1004 1579 1063 1664; x_wconf 88' lang='lat' dir='ltr'><em>pio</em></span> <span class='ocrx_word' id='word_1_83' title='bbox 1093 1579 1245 1642; x_wconf 88' lang='lat' dir='ltr'><em>mercedis</em></span> <span class='ocrx_word' id='word_1_84' title='bbox 1276 1580 1474 1666; x_wconf 79' lang='lat' dir='ltr'><em>acquisierit,</em></span> 
     </span>
     <span class='ocr_line' id='line_1_12' title="bbox 344 1682 1249 1769; baseline 0.002 -25"><span class='ocrx_word' id='word_1_85' title='bbox 344 1702 407 1744; x_wconf 93' lang='lat' dir='ltr'><em>non</em></span> <span class='ocrx_word' id='word_1_86' title='bbox 431 1703 494 1744; x_wconf 89' lang='lat' dir='ltr'><em>esse</em></span> <span class='ocrx_word' id='word_1_87' title='bbox 513 1682 689 1768; x_wconf 88' lang='lat' dir='ltr'><em>proprium</em></span> <span class='ocrx_word' id='word_1_88' title='bbox 712 1683 871 1760; x_wconf 90' lang='lat' dir='ltr'><em>meritum,</em></span> <span class='ocrx_word' id='word_1_89' title='bbox 895 1682 951 1746; x_wconf 90' lang='lat' dir='ltr'><em>sed</em></span> <span class='ocrx_word' id='word_1_90' title='bbox 972 1683 1099 1769; x_wconf 80' lang='lat' dir='ltr'><em>pratiae</em></span> <span class='ocrx_word' id='word_1_91' title='bbox 1123 1684 1249 1747; x_wconf 79' lang='lat' dir='ltr'><em>deessem.</em></span> 
     </span>
    </p>

    <p class='ocr_par' dir='ltr' id='par_1_5' title="bbox 347 1785 1474 1977">
     <span class='ocr_line' id='line_1_13' title="bbox 389 1785 1474 1874; baseline 0.001 -26"><span class='ocrx_word' id='word_1_92' title='bbox 389 1785 440 1871; x_wconf 85' lang='lat'><em>(3)</em></span> <span class='ocrx_word' id='word_1_93' title='bbox 467 1785 528 1872; x_wconf 76' lang='lat' dir='ltr'><em>lepi</em></span> <span class='ocrx_word' id='word_1_94' title='bbox 548 1786 618 1850; x_wconf 90' lang='lat' dir='ltr'><em>eius</em></span> <span class='ocrx_word' id='word_1_95' title='bbox 638 1797 667 1850; x_wconf 93' lang='lat' dir='ltr'><em>et</em></span> <span class='ocrx_word' id='word_1_96' title='bbox 687 1786 847 1851; x_wconf 90' lang='lat' dir='ltr'><em>aduersus</em></span> <span class='ocrx_word' id='word_1_97' title='bbox 863 1785 1005 1850; x_wconf 87' lang='lat' dir='ltr'><em>Arianos</em></span> <span class='ocrx_word' id='word_1_98' title='bbox 1021 1798 1048 1850; x_wconf 91' lang='lat' dir='ltr'><em>et</em></span> <span class='ocrx_word' id='word_1_99' title='bbox 1065 1787 1316 1851; x_wconf 89' lang='lat' dir='ltr'><em>Macedonianos</em></span> <span class='ocrx_word' id='word_1_100' title='bbox 1327 1811 1474 1874; x_wconf 87' lang='lat' dir='ltr'><em>paruum</em></span> 
     </span>
     <span class='ocr_line' id='line_1_14' title="bbox 347 1888 1311 1977; baseline 0.004 -25"><span class='ocrx_word' id='word_1_101' title='bbox 347 1888 503 1968; x_wconf 89' lang='lat' dir='ltr'><em>libellum,</em></span> <span class='ocrx_word' id='word_1_102' title='bbox 527 1890 563 1952; x_wconf 91' lang='lat' dir='ltr'><em>in</em></span> <span class='ocrx_word' id='word_1_103' title='bbox 586 1911 646 1976; x_wconf 77' lang='lat' dir='ltr'><em>puo</em></span> <span class='ocrx_word' id='word_1_104' title='bbox 669 1891 905 1955; x_wconf 84' lang='lat' dir='ltr'><em>coessentialem</em></span> <span class='ocrx_word' id='word_1_105' title='bbox 926 1892 1100 1977; x_wconf 89' lang='lat' dir='ltr'><em>praedicat</em></span> <span class='ocrx_word' id='word_1_106' title='bbox 1123 1893 1311 1972; x_wconf 85' lang='lat' dir='ltr'><em>trinitatem,</em></span> 
     </span>
    </p>

    <p class='ocr_par' dir='ltr' id='par_1_6' title="bbox 344 1993 1474 2292">
     <span class='ocr_line' id='line_1_15' title="bbox 390 1993 1474 2080; baseline 0.002 -24"><span class='ocrx_word' id='word_1_107' title='bbox 390 1994 441 2080; x_wconf 84' lang='grc'><em>(4)</em></span> <span class='ocrx_word' id='word_1_108' title='bbox 470 2003 498 2057; x_wconf 90' lang='lat' dir='ltr'><em>et</em></span> <span class='ocrx_word' id='word_1_109' title='bbox 525 1993 630 2057; x_wconf 88' lang='lat' dir='ltr'><em>alium</em></span> <span class='ocrx_word' id='word_1_110' title='bbox 657 1994 818 2058; x_wconf 88' lang='lat' dir='ltr'><em>aduersus</em></span> <span class='ocrx_word' id='word_1_111' title='bbox 845 2019 904 2080; x_wconf 84' lang='lat' dir='ltr'><em>eos,</em></span> <span class='ocrx_word' id='word_1_112' title='bbox 933 1996 990 2080; x_wconf 83' lang='lat' dir='ltr'><em>qni</em></span> <span class='ocrx_word' id='word_1_113' title='bbox 1019 1996 1131 2060; x_wconf 89' lang='lat' dir='ltr'><em>dicunt</em></span> <span class='ocrx_word' id='word_1_114' title='bbox 1159 2019 1222 2060; x_wconf 89' lang='lat' dir='ltr'><em>esse</em></span> <span class='ocrx_word' id='word_1_115' title='bbox 1249 1997 1285 2058; x_wconf 95' lang='lat' dir='ltr'><em>in</em></span> <span class='ocrx_word' id='word_1_116' title='bbox 1313 1997 1474 2060; x_wconf 88' lang='lat' dir='ltr'><em>creaturis</em></span> 
     </span>
     <span class='ocr_line' id='line_1_16' title="bbox 345 2097 1472 2186; baseline 0.003 -26"><span class='ocrx_word' id='word_1_117' title='bbox 345 2097 476 2183; x_wconf 81' lang='lat' dir='ltr'><em>aliquid</em></span> <span class='ocrx_word' id='word_1_118' title='bbox 496 2099 731 2185; x_wconf 89' lang='lat' dir='ltr'><em>incorporeum,</em></span> <span class='ocrx_word' id='word_1_119' title='bbox 754 2101 789 2162; x_wconf 94' lang='lat' dir='ltr'><em>in</em></span> <span class='ocrx_word' id='word_1_120' title='bbox 811 2123 870 2184; x_wconf 84' lang='lat' dir='ltr'><em>quo</em></span> <span class='ocrx_word' id='word_1_121' title='bbox 891 2111 920 2163; x_wconf 92' lang='lat' dir='ltr'><em>et</em></span> <span class='ocrx_word' id='word_1_122' title='bbox 940 2100 1067 2164; x_wconf 90' lang='lat' dir='ltr'><em>diuinis</em></span> <span class='ocrx_word' id='word_1_123' title='bbox 1088 2102 1276 2165; x_wconf 87' lang='lat' dir='ltr'><em>testimoniis</em></span> <span class='ocrx_word' id='word_1_124' title='bbox 1292 2111 1321 2165; x_wconf 86' lang='lat' dir='ltr'><em>et</em></span> <span class='ocrx_word' id='word_1_125' title='bbox 1337 2110 1472 2186; x_wconf 88' lang='lat' dir='ltr'><em>patrum</em></span> 
     </span>
     <span class='ocr_line' id='line_1_17' title="bbox 344 2201 1472 2292; baseline -0.001 -26"><span class='ocrx_word' id='word_1_126' title='bbox 344 2201 510 2286; x_wconf 75' lang='lat' dir='ltr'><em>confirmat</em></span> <span class='ocrx_word' id='word_1_127' title='bbox 519 2204 683 2267; x_wconf 90' lang='lat' dir='ltr'><em>sententiis</em></span> <span class='ocrx_word' id='word_1_128' title='bbox 696 2203 783 2267; x_wconf 86' lang='lat' dir='ltr'><em>nibil</em></span> <span class='ocrx_word' id='word_1_129' title='bbox 794 2205 987 2268; x_wconf 90' lang='lat' dir='ltr'><em>credendum</em></span> <span class='ocrx_word' id='word_1_130' title='bbox 997 2207 1220 2292; x_wconf 87' lang='lat' dir='ltr'><em>incorporeum</em></span> <span class='ocrx_word' id='word_1_131' title='bbox 1228 2217 1362 2291; x_wconf 88' lang='lat' dir='ltr'><em>praeter</em></span> <span class='ocrx_word' id='word_1_132' title='bbox 1373 2205 1472 2269; x_wconf 85' lang='lat' dir='ltr'><em>deum</em></span> 
     </span>
    </p>

    <p class='ocr_par' dir='ltr' id='par_1_7' title="bbox 341 2307 1474 2916">
     <span class='ocr_line' id='line_1_18' title="bbox 390 2307 1474 2394; baseline 0.001 -25"><span class='ocrx_word' id='word_1_133' title='bbox 390 2308 436 2394; x_wconf 83' lang='lat'><em>(5)</em></span> <span class='ocrx_word' id='word_1_134' title='bbox 472 2318 516 2370; x_wconf 91' lang='lat' dir='ltr'><em>est</em></span> <span class='ocrx_word' id='word_1_135' title='bbox 546 2318 575 2372; x_wconf 91' lang='lat' dir='ltr'><em>et</em></span> <span class='ocrx_word' id='word_1_136' title='bbox 602 2309 671 2371; x_wconf 88' lang='lat' dir='ltr'><em>eius</em></span> <span class='ocrx_word' id='word_1_137' title='bbox 699 2307 842 2394; x_wconf 79' lang='lat' dir='ltr'><em>epistula</em></span> <span class='ocrx_word' id='word_1_138' title='bbox 870 2309 906 2372; x_wconf 91' lang='lat' dir='ltr'><em>in</em></span> <span class='ocrx_word' id='word_1_139' title='bbox 933 2311 1061 2374; x_wconf 87' lang='lat' dir='ltr'><em>modum</em></span> <span class='ocrx_word' id='word_1_140' title='bbox 1092 2309 1198 2373; x_wconf 83' lang='lat' dir='ltr'><em>libelli</em></span> <span class='ocrx_word' id='word_1_141' title='bbox 1228 2310 1273 2373; x_wconf 93' lang='lat' dir='ltr'><em>ad</em></span> <span class='ocrx_word' id='word_1_142' title='bbox 1303 2310 1474 2374; x_wconf 87' lang='lat' dir='ltr'><em>diaconum</em></span> 
     </span>
     <span class='ocr_line' id='line_1_19' title="bbox 344 2411 1474 2500; baseline 0 -24"><span class='ocrx_word' id='word_1_143' title='bbox 344 2411 501 2498; x_wconf 80' lang='lat' dir='ltr'><em>quendam</em></span> <span class='ocrx_word' id='word_1_144' title='bbox 527 2411 688 2477; x_wconf 80' lang='lat' dir='ltr'><em>Graecum</em></span> <span class='ocrx_word' id='word_1_145' title='bbox 709 2413 834 2476; x_wconf 78' lang='lat' dir='ltr'><em>norrtine</em></span> <span class='ocrx_word' id='word_1_146' title='bbox 857 2414 955 2491; x_wconf 87' lang='lat' dir='ltr'><em>edita,</em></span> <span class='ocrx_word' id='word_1_147' title='bbox 986 2415 1043 2500; x_wconf 83' lang='lat' dir='ltr'><em>qui</em></span> <span class='ocrx_word' id='word_1_148' title='bbox 1065 2438 1086 2477; x_wconf 90' lang='lat' dir='ltr'><em>a</em></span> <span class='ocrx_word' id='word_1_149' title='bbox 1101 2414 1170 2497; x_wconf 83' lang='lat' dir='ltr'><em>fide</em></span> <span class='ocrx_word' id='word_1_150' title='bbox 1193 2414 1352 2478; x_wconf 77' lang='lat' dir='ltr'><em>catholica</em></span> <span class='ocrx_word' id='word_1_151' title='bbox 1375 2415 1474 2478; x_wconf 91' lang='lat' dir='ltr'><em>disce·</em></span> 
     </span>
     <span class='ocr_line' id='line_1_20' title="bbox 346 2517 1473 2604; baseline 0.002 -25"><span class='ocrx_word' id='word_1_152' title='bbox 346 2517 421 2580; x_wconf 90' lang='lat' dir='ltr'><em>dens</em></span> <span class='ocrx_word' id='word_1_153' title='bbox 445 2517 490 2580; x_wconf 90' lang='lat' dir='ltr'><em>ad</em></span> <span class='ocrx_word' id='word_1_154' title='bbox 513 2517 742 2581; x_wconf 88' lang='lat' dir='ltr'><em>Nestorianam</em></span> <span class='ocrx_word' id='word_1_155' title='bbox 765 2517 847 2581; x_wconf 92' lang='lat' dir='ltr'><em>abiit</em></span> <span class='ocrx_word' id='word_1_156' title='bbox 870 2519 1076 2604; x_wconf 84' lang='lat' dir='ltr'><em>impietatem,</em></span> <span class='ocrx_word' id='word_1_157' title='bbox 1103 2519 1139 2580; x_wconf 89' lang='lat' dir='ltr'><em>ia</em></span> <span class='ocrx_word' id='word_1_158' title='bbox 1162 2541 1226 2604; x_wconf 78' lang='lat' dir='ltr'><em>qua</em></span> <span class='ocrx_word' id='word_1_159' title='bbox 1253 2518 1396 2604; x_wconf 87' lang='lat' dir='ltr'><em>epistula</em></span> <span class='ocrx_word' id='word_1_160' title='bbox 1419 2517 1473 2581; x_wconf 89' lang='lat' dir='ltr'><em>ad-</em></span> 
     </span>
     <span class='ocr_line' id='line_1_21' title="bbox 342 2619 1474 2709; baseline 0.001 -26"><span class='ocrx_word' id='word_1_161' title='bbox 342 2619 447 2685; x_wconf 87' lang='lat' dir='ltr'><em>monet</em></span> <span class='ocrx_word' id='word_1_162' title='bbox 470 2643 541 2684; x_wconf 89' lang='lat' dir='ltr'><em>eum</em></span> <span class='ocrx_word' id='word_1_163' title='bbox 563 2622 692 2686; x_wconf 89' lang='lat' dir='ltr'><em>credere</em></span> <span class='ocrx_word' id='word_1_164' title='bbox 714 2633 857 2686; x_wconf 84' lang='lat' dir='ltr'><em>sanctam</em></span> <span class='ocrx_word' id='word_1_165' title='bbox 880 2623 1025 2686; x_wconf 88' lang='lat' dir='ltr'><em>Mariam</em></span> <span class='ocrx_word' id='word_1_166' title='bbox 1048 2623 1209 2709; x_wconf 77' lang='lat' dir='ltr'><em>airpinem</em></span> <span class='ocrx_word' id='word_1_167' title='bbox 1231 2645 1295 2686; x_wconf 91' lang='lat' dir='ltr'><em>non</em></span> <span class='ocrx_word' id='word_1_168' title='bbox 1318 2624 1474 2688; x_wconf 84' lang='lat' dir='ltr'><em>bominem</em></span> 
     </span>
     <span class='ocr_line' id='line_1_22' title="bbox 341 2727 1474 2813; baseline 0.001 -25"><span class='ocrx_word' id='word_1_169' title='bbox 341 2749 466 2812; x_wconf 87' lang='lat' dir='ltr'><em>purum</em></span> <span class='ocrx_word' id='word_1_170' title='bbox 484 2727 639 2813; x_wconf 77' lang='lat' dir='ltr'><em>penuisse,</em></span> <span class='ocrx_word' id='word_1_171' title='bbox 664 2727 720 2812; x_wconf 84' lang='lat' dir='ltr'><em>qui</em></span> <span class='ocrx_word' id='word_1_172' title='bbox 736 2737 849 2813; x_wconf 89' lang='lat' dir='ltr'><em>postea</em></span> <span class='ocrx_word' id='word_1_173' title='bbox 869 2727 1046 2813; x_wconf 88' lang='lat' dir='ltr'><em>susciperet</em></span> <span class='ocrx_word' id='word_1_174' title='bbox 1068 2727 1284 2804; x_wconf 88' lang='lat' dir='ltr'><em>diuinitatem,</em></span> <span class='ocrx_word' id='word_1_175' title='bbox 1307 2727 1363 2791; x_wconf 88' lang='lat' dir='ltr'><em>sed</em></span> <span class='ocrx_word' id='word_1_176' title='bbox 1382 2727 1474 2790; x_wconf 83' lang='lat' dir='ltr'><em>deurit</em></span> 
     </span>
     <span class='ocr_line' id='line_1_23' title="bbox 345 2831 905 2916; baseline 0.004 -22"><span class='ocrx_word' id='word_1_177' title='bbox 345 2853 460 2894; x_wconf 89' lang='lat' dir='ltr'><em>uerum</em></span> <span class='ocrx_word' id='word_1_178' title='bbox 483 2831 518 2894; x_wconf 91' lang='lat' dir='ltr'><em>in</em></span> <span class='ocrx_word' id='word_1_179' title='bbox 542 2832 666 2895; x_wconf 83' lang='lat' dir='ltr'><em>bomine</em></span> <span class='ocrx_word' id='word_1_180' title='bbox 688 2854 776 2896; x_wconf 87' lang='lat' dir='ltr'><em>uero.</em></span> <span class='ocrx_word' id='word_1_181' title='bbox 902 2911 905 2916; x_wconf 25' lang='grc'>1</span> 
     </span>
    </p>

    <p class='ocr_par' dir='ltr' id='par_1_8' title="bbox 344 2934 1474 3232">
     <span class='ocr_line' id='line_1_24' title="bbox 387 2934 1473 3022; baseline -0.001 -23"><span class='ocrx_word' id='word_1_182' title='bbox 387 2946 463 3000; x_wconf 85' lang='lat' dir='ltr'><em>ssent</em></span> <span class='ocrx_word' id='word_1_183' title='bbox 489 2959 567 3000; x_wconf 89' lang='lat' dir='ltr'><em>uero</em></span> <span class='ocrx_word' id='word_1_184' title='bbox 595 2946 624 2999; x_wconf 93' lang='lat' dir='ltr'><em>et</em></span> <span class='ocrx_word' id='word_1_185' title='bbox 650 2935 721 2998; x_wconf 76' lang='lat' dir='ltr'><em>ralia</em></span> <span class='ocrx_word' id='word_1_186' title='bbox 748 2936 818 3000; x_wconf 90' lang='lat' dir='ltr'><em>eius</em></span> <span class='ocrx_word' id='word_1_187' title='bbox 845 2936 980 3021; x_wconf 87' lang='lat' dir='ltr'><em>scripta,</em></span> <span class='ocrx_word' id='word_1_188' title='bbox 1012 2957 1102 3020; x_wconf 75' lang='lat' dir='ltr'><em>astae,</em></span> <span class='ocrx_word' id='word_1_189' title='bbox 1133 2937 1211 3020; x_wconf 84' lang='lat' dir='ltr'><em>quia</em></span> <span class='ocrx_word' id='word_1_190' title='bbox 1239 2935 1373 2998; x_wconf 89' lang='lat' dir='ltr'><em>necdum</em></span> <span class='ocrx_word' id='word_1_191' title='bbox 1402 2934 1473 3022; x_wconf 77' lang='lat' dir='ltr'><em>lapi,</em></span> 
     </span>
     <span class='ocr_line' id='line_1_25' title="bbox 344 3040 1474 3127; baseline -0.001 -25"><span class='ocrx_word' id='word_1_192' title='bbox 344 3042 511 3104; x_wconf 78' lang='lat' dir='ltr'><em>rioneinare</em></span> <span class='ocrx_word' id='word_1_193' title='bbox 526 3041 628 3104; x_wconf 90' lang='lat' dir='ltr'><em>nolui.</em></span> <span class='ocrx_word' id='word_1_194' title='bbox 663 3041 746 3104; x_wconf 88' lang='lat' dir='ltr'><em>uiua</em></span> <span class='ocrx_word' id='word_1_195' title='bbox 768 3050 870 3104; x_wconf 86' lang='lat' dir='ltr'><em>tamen</em></span> <span class='ocrx_word' id='word_1_196' title='bbox 890 3062 965 3104; x_wconf 88' lang='lat' dir='ltr'><em>uoce</em></span> <span class='ocrx_word' id='word_1_197' title='bbox 986 3040 1129 3127; x_wconf 75' lang='lat' dir='ltr'><em>eprepius</em></span> <span class='ocrx_word' id='word_1_198' title='bbox 1150 3040 1259 3103; x_wconf 89' lang='lat' dir='ltr'><em>doctor</em></span> <span class='ocrx_word' id='word_1_199' title='bbox 1279 3050 1307 3102; x_wconf 91' lang='lat' dir='ltr'><em>et</em></span> <span class='ocrx_word' id='word_1_200' title='bbox 1327 3041 1474 3104; x_wconf 88' lang='lat' dir='ltr'><em>creditur</em></span> 
     </span>
     <span class='ocr_line' id='line_1_26' title="bbox 346 3131 566 3232; baseline -0.005 -23"><span class='ocrx_word' id='word_1_201' title='bbox 346 3156 374 3209; x_wconf 87' lang='lat' dir='ltr'><em>et</em></span> <span class='ocrx_word' id='word_1_202' title='bbox 391 3131 566 3232; x_wconf 83' lang='lat' dir='ltr'><em>probatur.</em></span> 
     </span>
    </p>

    <p class='ocr_par' dir='ltr' id='par_1_9' title="bbox 341 3247 1474 3649">
     <span class='ocr_line' id='line_1_27' title="bbox 390 3247 1474 3335; baseline -0.001 -23"><span class='ocrx_word' id='word_1_203' title='bbox 390 3250 439 3335; x_wconf 84' lang='lat'><em>(6)</em></span> <span class='ocrx_word' id='word_1_204' title='bbox 464 3248 597 3334; x_wconf 90' lang='lat' dir='ltr'><em>scripsit</em></span> <span class='ocrx_word' id='word_1_205' title='bbox 615 3259 728 3334; x_wconf 88' lang='lat' dir='ltr'><em>postea</em></span> <span class='ocrx_word' id='word_1_206' title='bbox 751 3259 779 3311; x_wconf 93' lang='lat' dir='ltr'><em>et</em></span> <span class='ocrx_word' id='word_1_207' title='bbox 802 3248 847 3311; x_wconf 94' lang='lat' dir='ltr'><em>ad</em></span> <span class='ocrx_word' id='word_1_208' title='bbox 871 3247 1008 3312; x_wconf 85' lang='lat' dir='ltr'><em>Felicem</em></span> <span class='ocrx_word' id='word_1_209' title='bbox 1032 3247 1235 3334; x_wconf 86' lang='lat' dir='ltr'><em>praefectum</em></span> <span class='ocrx_word' id='word_1_210' title='bbox 1259 3250 1424 3334; x_wconf 86' lang='lat' dir='ltr'><em>praetorii</em></span> <span class='ocrx_word' id='word_1_211' title='bbox 1446 3259 1474 3311; x_wconf 90' lang='lat' dir='ltr'><em>et</em></span> 
     </span>
     <span class='ocr_line' id='line_1_28' title="bbox 341 3351 1474 3440; baseline -0.002 -24"><span class='ocrx_word' id='word_1_212' title='bbox 341 3354 507 3440; x_wconf 88' lang='lat' dir='ltr'><em>patriciae</em></span> <span class='ocrx_word' id='word_1_213' title='bbox 531 3352 702 3438; x_wconf 79' lang='lat' dir='ltr'><em>dipnitatis</em></span> <span class='ocrx_word' id='word_1_214' title='bbox 726 3353 848 3429; x_wconf 82' lang='lat' dir='ltr'><em>airuns,</em></span> <span class='ocrx_word' id='word_1_215' title='bbox 863 3352 976 3435; x_wconf 82' lang='lat' dir='ltr'><em>filium</em></span> <span class='ocrx_word' id='word_1_216' title='bbox 1000 3352 1115 3438; x_wconf 76' lang='lat' dir='ltr'><em>Mapui</em></span> <span class='ocrx_word' id='word_1_217' title='bbox 1137 3351 1288 3430; x_wconf 88' lang='lat' dir='ltr'><em>consulis,</em></span> <span class='ocrx_word' id='word_1_218' title='bbox 1311 3353 1377 3415; x_wconf 92' lang='lat' dir='ltr'><em>iam</em></span> <span class='ocrx_word' id='word_1_219' title='bbox 1400 3351 1474 3415; x_wconf 86' lang='lat' dir='ltr'><em>reli-</em></span> 
     </span>
     <span class='ocr_line' id='line_1_29' title="bbox 345 3456 1474 3545; baseline -0.002 -24"><span class='ocrx_word' id='word_1_220' title='bbox 345 3458 466 3545; x_wconf 81' lang='lat' dir='ltr'><em>pioeam</em></span> <span class='ocrx_word' id='word_1_221' title='bbox 488 3456 662 3544; x_wconf 90' lang='lat' dir='ltr'><em>epistulam</em></span> <span class='ocrx_word' id='word_1_222' title='bbox 684 3456 729 3520; x_wconf 94' lang='lat' dir='ltr'><em>ad</em></span> <span class='ocrx_word' id='word_1_223' title='bbox 752 3457 898 3520; x_wconf 86' lang='lat' dir='ltr'><em>timorem</em></span> <span class='ocrx_word' id='word_1_224' title='bbox 919 3456 970 3518; x_wconf 92' lang='lat' dir='ltr'><em>dei</em></span> <span class='ocrx_word' id='word_1_225' title='bbox 994 3457 1216 3533; x_wconf 81' lang='lat' dir='ltr'><em>hortatoriam,</em></span> <span class='ocrx_word' id='word_1_226' title='bbox 1239 3457 1474 3519; x_wconf 88' lang='lat' dir='ltr'><em>conuenientem</em></span> 
     </span>
     <span class='ocr_line' id='line_1_30' title="bbox 343 3561 1328 3649; baseline -0.003 -23"><span class='ocrx_word' id='word_1_227' title='bbox 343 3584 502 3648; x_wconf 91' lang='lat' dir='ltr'><em>personae</em></span> <span class='ocrx_word' id='word_1_228' title='bbox 519 3561 617 3649; x_wconf 90' lang='lat' dir='ltr'><em>pleno</em></span> <span class='ocrx_word' id='word_1_229' title='bbox 640 3562 747 3624; x_wconf 89' lang='lat' dir='ltr'><em>animo</em></span> <span class='ocrx_word' id='word_1_230' title='bbox 769 3561 1000 3646; x_wconf 88' lang='lat' dir='ltr'><em>paenitentiam</em></span> <span class='ocrx_word' id='word_1_231' title='bbox 1023 3583 1115 3648; x_wconf 75' lang='lat' dir='ltr'><em>apere</em></span> <span class='ocrx_word' id='word_1_232' title='bbox 1138 3561 1328 3647; x_wconf 89' lang='lat' dir='ltr'><em>disponenti.</em></span> 
     </span>
    </p>

    <p class='ocr_par' dir='ltr' id='par_1_10' title="bbox 347 3666 1474 3855">
     <span class='ocr_line' id='line_1_31' title="bbox 449 3666 1474 3752; baseline -0.002 -21"><span class='ocrx_word' id='word_1_233' title='bbox 449 3668 579 3732; x_wconf 90' lang='lat' dir='ltr'><em>Librum</em></span> <span class='ocrx_word' id='word_1_234' title='bbox 602 3667 643 3732; x_wconf 91' lang='lat' dir='ltr'><em>de</em></span> <span class='ocrx_word' id='word_1_235' title='bbox 666 3667 804 3752; x_wconf 88' lang='lat' dir='ltr'><em>spiritu</em></span> <span class='ocrx_word' id='word_1_236' title='bbox 828 3671 958 3732; x_wconf 84' lang='lat' dir='ltr'><em>sancto</em></span> <span class='ocrx_word' id='word_1_237' title='bbox 982 3685 1000 3730; x_wconf 85' lang='lat' dir='ltr'><em>a</em></span> <span class='ocrx_word' id='word_1_238' title='bbox 1022 3666 1182 3732; x_wconf 86' lang='lat' dir='ltr'><em>Gennadio</em></span> <span class='ocrx_word' id='word_1_239' title='bbox 1202 3667 1302 3749; x_wconf 88' lang='lat' dir='ltr'><em>primo</em></span> <span class='ocrx_word' id='word_1_240' title='bbox 1322 3667 1387 3730; x_wconf 91' lang='lat' dir='ltr'><em>loeo</em></span> <span class='ocrx_word' id='word_1_241' title='bbox 1407 3667 1474 3730; x_wconf 85' lang='lat' dir='ltr'><em>leu-</em></span> 
     </span>
     <span class='ocr_line' id='line_1_32' title="bbox 347 3770 1473 3855; baseline -0.003 -19"><span class='ocrx_word' id='word_1_242' title='bbox 347 3773 453 3836; x_wconf 85' lang='lat' dir='ltr'><em>datum</em></span> <span class='ocrx_word' id='word_1_243' title='bbox 483 3775 602 3836; x_wconf 79' lang='lat' dir='ltr'><em>exstare</em></span> <span class='ocrx_word' id='word_1_244' title='bbox 633 3773 787 3855; x_wconf 88' lang='lat' dir='ltr'><em>scriptoris</em></span> <span class='ocrx_word' id='word_1_245' title='bbox 818 3775 942 3836; x_wconf 82' lang='lat' dir='ltr'><em>tuntum</em></span> <span class='ocrx_word' id='word_1_246' title='bbox 973 3771 1098 3834; x_wconf 88' lang='lat' dir='ltr'><em>nomine</em></span> <span class='ocrx_word' id='word_1_247' title='bbox 1128 3773 1160 3835; x_wconf 87' lang='lat' dir='ltr'><em>in</em></span> <span class='ocrx_word' id='word_1_248' title='bbox 1194 3771 1281 3835; x_wconf 88' lang='lat' dir='ltr'><em>libris</em></span> <span class='ocrx_word' id='word_1_249' title='bbox 1315 3770 1473 3854; x_wconf 85' lang='lat' dir='ltr'><em>impressis</em></span> 
     </span>
    </p>
   </div>
   <div class='ocr_carea' id='block_1_3' title="bbox 258 3875 1473 3941">
    <p class='ocr_par' dir='ltr' id='par_1_11' title="bbox 258 3875 1473 3941">
     <span class='ocr_line' id='line_1_33' title="bbox 258 3875 1473 3941; baseline -0.002 0"><span class='ocrx_word' id='word_1_250' title='bbox 258 3879 266 3896; x_wconf 91' lang='lat'>&#39;</span> <span class='ocrx_word' id='word_1_251' title='bbox 346 3877 424 3941; x_wconf 83' lang='lat' dir='ltr'><em>falso</em></span> <span class='ocrx_word' id='word_1_252' title='bbox 448 3876 566 3941; x_wconf 83' lang='lat' dir='ltr'><em>adiecto</em></span> <span class='ocrx_word' id='word_1_253' title='bbox 589 3875 679 3940; x_wconf 89' lang='lat' dir='ltr'><em>hodie</em></span> <span class='ocrx_word' id='word_1_254' title='bbox 702 3877 783 3940; x_wconf 86' lang='lat' dir='ltr'><em>inter</em></span> <span class='ocrx_word' id='word_1_255' title='bbox 805 3894 913 3941; x_wconf 89' lang='lat' dir='ltr'><em>omnes</em></span> <span class='ocrx_word' id='word_1_256' title='bbox 937 3878 1067 3939; x_wconf 75' lang='lat' dir='ltr'><em>consuit.</em></span> <span class='ocrx_word' id='word_1_257' title='bbox 1106 3875 1201 3939; x_wconf 89' lang='lat' dir='ltr'><em>libros</em></span> <span class='ocrx_word' id='word_1_258' title='bbox 1229 3876 1312 3939; x_wconf 86' lang='lat' dir='ltr'><em>enim</em></span> <span class='ocrx_word' id='word_1_259' title='bbox 1339 3875 1413 3939; x_wconf 88' lang='lat' dir='ltr'><em>duos</em></span> <span class='ocrx_word' id='word_1_260' title='bbox 1437 3875 1473 3938; x_wconf 87' lang='lat' dir='ltr'><em>de</em></span> 
     </span>
    </p>
   </div>
   <div class='ocr_carea' id='block_1_4' title="bbox 346 3979 1474 4481">
    <p class='ocr_par' dir='ltr' id='par_1_12' title="bbox 346 3979 1474 4481">
     <span class='ocr_line' id='line_1_34' title="bbox 346 3979 1473 4064; baseline -0.002 -20"><span class='ocrx_word' id='word_1_261' title='bbox 346 3981 454 4064; x_wconf 88' lang='lat' dir='ltr'><em>spiritu</em></span> <span class='ocrx_word' id='word_1_262' title='bbox 485 3983 591 4045; x_wconf 82' lang='lat' dir='ltr'><em>saneto</em></span> <span class='ocrx_word' id='word_1_263' title='bbox 622 3997 720 4063; x_wconf 87' lang='lat' dir='ltr'><em>usque</em></span> <span class='ocrx_word' id='word_1_264' title='bbox 750 3980 850 4045; x_wconf 83' lang='lat' dir='ltr'><em>adhuc</em></span> <span class='ocrx_word' id='word_1_265' title='bbox 880 3979 1040 4043; x_wconf 82' lang='lat' dir='ltr'><em>Paschasii</em></span> <span class='ocrx_word' id='word_1_266' title='bbox 1072 3979 1191 4044; x_wconf 84' lang='lat' dir='ltr'><em>dissoni</em></span> <span class='ocrx_word' id='word_1_267' title='bbox 1221 3980 1345 4044; x_wconf 86' lang='lat' dir='ltr'><em>nomine</em></span> <span class='ocrx_word' id='word_1_268' title='bbox 1376 3979 1473 4044; x_wconf 89' lang='lat' dir='ltr'><em>editos</em></span> 
     </span>
     <span class='ocr_line' id='line_1_35' title="bbox 346 4082 1473 4168; baseline -0.002 -19"><span class='ocrx_word' id='word_1_269' title='bbox 346 4085 453 4149; x_wconf 81' lang='lat' dir='ltr'><em>Fausti</em></span> <span class='ocrx_word' id='word_1_270' title='bbox 476 4103 544 4149; x_wconf 88' lang='lat' dir='ltr'><em>csse</em></span> <span class='ocrx_word' id='word_1_271' title='bbox 567 4084 678 4149; x_wconf 88' lang='lat' dir='ltr'><em>codicis</em></span> <span class='ocrx_word' id='word_1_272' title='bbox 700 4085 808 4168; x_wconf 87' lang='lat' dir='ltr'><em>optimi</em></span> <span class='ocrx_word' id='word_1_273' title='bbox 831 4084 997 4148; x_wconf 82' lang='lat' dir='ltr'><em>auctoritas</em></span> <span class='ocrx_word' id='word_1_274' title='bbox 1021 4087 1053 4146; x_wconf 87' lang='lat' dir='ltr'><em>ct</em></span> <span class='ocrx_word' id='word_1_275' title='bbox 1068 4082 1229 4164; x_wconf 65' lang='lat' dir='ltr'><em>Genusus,</em></span> <span class='ocrx_word' id='word_1_276' title='bbox 1253 4083 1367 4148; x_wconf 77' lang='lat' dir='ltr'><em>sedulii</em></span> <span class='ocrx_word' id='word_1_277' title='bbox 1383 4082 1473 4162; x_wconf 85' lang='lat' dir='ltr'><em>Secti,</em></span> 
     </span>
     <span class='ocr_line' id='line_1_36' title="bbox 346 4187 1474 4274; baseline -0.002 -22"><span class='ocrx_word' id='word_1_278' title='bbox 346 4189 508 4274; x_wconf 75' lang='lat' dir='ltr'><em>Frithemi</em></span> <span class='ocrx_word' id='word_1_279' title='bbox 535 4188 650 4253; x_wconf 81' lang='lat' dir='ltr'><em>diserta</em></span> <span class='ocrx_word' id='word_1_280' title='bbox 676 4189 855 4253; x_wconf 83' lang='lat' dir='ltr'><em>testimonia</em></span> <span class='ocrx_word' id='word_1_281' title='bbox 881 4205 942 4251; x_wconf 88' lang='lat' dir='ltr'><em>non</em></span> <span class='ocrx_word' id='word_1_282' title='bbox 971 4187 1070 4271; x_wconf 83' lang='lat' dir='ltr'><em>magis</em></span> <span class='ocrx_word' id='word_1_283' title='bbox 1097 4188 1231 4271; x_wconf 85' lang='lat' dir='ltr'><em>probant</em></span> <span class='ocrx_word' id='word_1_284' title='bbox 1253 4205 1346 4269; x_wconf 86' lang='lat' dir='ltr'><em>quam</em></span> <span class='ocrx_word' id='word_1_285' title='bbox 1370 4187 1474 4270; x_wconf 88' lang='lat' dir='ltr'><em>ipsum</em></span> 
     </span>
     <span class='ocr_line' id='line_1_37' title="bbox 347 4291 1474 4376; baseline 0 -21"><span class='ocrx_word' id='word_1_286' title='bbox 347 4293 467 4357; x_wconf 83' lang='lat' dir='ltr'><em>dicendi</em></span> <span class='ocrx_word' id='word_1_287' title='bbox 495 4312 593 4376; x_wconf 81' lang='lat' dir='ltr'><em>genus</em></span> <span class='ocrx_word' id='word_1_288' title='bbox 620 4294 651 4358; x_wconf 87' lang='lat' dir='ltr'><em>iu</em></span> <span class='ocrx_word' id='word_1_289' title='bbox 679 4293 716 4357; x_wconf 93' lang='lat' dir='ltr'><em>iis</em></span> <span class='ocrx_word' id='word_1_290' title='bbox 743 4293 894 4356; x_wconf 86' lang='lat' dir='ltr'><em>usitatum</em></span> <span class='ocrx_word' id='word_1_291' title='bbox 923 4293 1047 4356; x_wconf 87' lang='lat' dir='ltr'><em>eumin</em></span> <span class='ocrx_word' id='word_1_292' title='bbox 1072 4293 1252 4356; x_wconf 86' lang='lat' dir='ltr'><em>uniuersum</em></span> <span class='ocrx_word' id='word_1_293' title='bbox 1276 4291 1383 4355; x_wconf 81' lang='lat' dir='ltr'><em>Fausti</em></span> <span class='ocrx_word' id='word_1_294' title='bbox 1411 4311 1474 4355; x_wconf 83' lang='lat' dir='ltr'><em>ser·</em></span> 
     </span>
     <span class='ocr_line' id='line_1_38' title="bbox 346 4396 1473 4481; baseline -0.002 -21"><span class='ocrx_word' id='word_1_295' title='bbox 346 4415 471 4461; x_wconf 75' lang='lat' dir='ltr'><em>usonem</em></span> <span class='ocrx_word' id='word_1_296' title='bbox 493 4401 728 4481; x_wconf 82' lang='lat' dir='ltr'><em>repraesentans</em></span> <span class='ocrx_word' id='word_1_297' title='bbox 753 4401 820 4460; x_wconf 86' lang='lat' dir='ltr'><em>tum</em></span> <span class='ocrx_word' id='word_1_298' title='bbox 844 4397 982 4480; x_wconf 83' lang='lat' dir='ltr'><em>singulas</em></span> <span class='ocrx_word' id='word_1_299' title='bbox 1005 4415 1097 4460; x_wconf 86' lang='lat' dir='ltr'><em>uoces</em></span> <span class='ocrx_word' id='word_1_300' title='bbox 1121 4399 1152 4459; x_wconf 86' lang='lat' dir='ltr'><em>et</em></span> <span class='ocrx_word' id='word_1_301' title='bbox 1175 4396 1344 4460; x_wconf 82' lang='lat' dir='ltr'><em>sententies</em></span> <span class='ocrx_word' id='word_1_302' title='bbox 1366 4396 1473 4460; x_wconf 79' lang='lat' dir='ltr'><em>Fausti</em></span> 
     </span>
    </p>
   </div>
   <div class='ocr_carea' id='block_1_5' title="bbox 0 0 1664 5140">
    <p class='ocr_par' dir='ltr' id='par_1_13' title="bbox 0 0 1664 5140">
     <span class='ocr_line' id='line_1_39' title="bbox 0 0 1664 5140; baseline 0 2"><span class='ocrx_word' id='word_1_303' title='bbox 0 0 1664 5140; x_wconf 95' lang='lat' dir='ltr'><em> </em></span> 
     </span>
    </p>
   </div>
  </div>
 </body>
</html>
