3264 5134
304 520 346 584 64
766 519 786 574 Ι.
806 519 850 573 De
868 519 976 588 gratie

305 696 339 757 ut
366 711 436 757 eam
463 693 544 758 oculi
571 693 652 758 acies
675 694 917 776 contempletur,
945 711 1006 758 non
1030 697 1134 758 autem
1158 695 1265 760 oculus
1287 695 1376 776 facit,
1403 699 1440 760 ut

302 815 353 862 res
375 797 511 861 uidenda
532 801 691 877 nascatm,
719 797 764 862 ita
786 801 817 861 et
838 797 1045 881 praescientia
1067 798 1117 862 dei
1143 816 1193 879 ea,
1220 817 1300 881 quae
1322 800 1359 864 da
1381 800 1438 864 bo·

303 901 397 966 minis
420 901 538 966 meritis
562 905 707 966 secutura
729 905 813 982 sunt,
836 919 899 966 non
922 905 957 966 ut
977 902 1122 966 eueniant
1142 903 1247 986 exigit,
1270 904 1324 967 sed
1343 923 1438 968 euen-

303 1009 375 1070 tura
395 1007 574 1089 praecurrit.
621 1008 653 1070 et
674 1005 748 1087 quia
770 1006 866 1070 sacris
890 1005 1019 1088 eloquiis
1042 1006 1137 1072 moris
1161 1011 1218 1088 est,
1244 1011 1280 1071 ut
1306 1027 1360 1090 per
1383 1009 1438 1072 ad-

263 1136 276 1177 s
303 1115 463 1194 sumptam
490 1127 718 1192 quamcumque
745 1109 983 1174 similitudinem
1011 1111 1195 1176 asserendae
1222 1111 1266 1176 rei
1296 1111 1438 1194 aperiant
1546 1105 1550 1114 '

302 1215 481 1295 dentatam,
509 1214 590 1278 sieut
616 1213 772 1277 interdum
800 1214 851 1278 uel
872 1231 970 1297 grano
993 1214 1095 1298 sinapi
1117 1215 1168 1278 uel
1190 1215 1344 1280 fermento
1368 1234 1437 1280 mu-

302 1319 386 1383 lieris
410 1319 607 1402 euangelicae
630 1319 680 1382 uel
704 1335 838 1402 sagenae
865 1318 979 1382 missae
1005 1319 1038 1382 in
1065 1337 1150 1382 mare
1178 1323 1218 1400 et,
1246 1337 1325 1402 quae
1346 1321 1437 1403 plura

302 1423 377 1488 talia
391 1427 475 1503 sunt,
491 1441 623 1506 regnum
639 1423 795 1487 caelorum
810 1423 944 1506 legimus
960 1424 1131 1505 conparari,
1148 1423 1193 1488 ita
1208 1427 1240 1488 et
1255 1442 1311 1488 nos
1328 1425 1437 1488 distin·

301 1547 395 1612 gnere
426 1530 586 1610 cupientes
616 1527 722 1592 futura
751 1526 892 1592 instituto
922 1545 1021 1611 genus
1052 1528 1206 1611 colligitur
1233 1528 1435 1611 praesciendi.

251 1659 275 1698 ro
302 1631 383 1715 quod
398 1633 424 1697 si
438 1632 593 1715 praescire
609 1631 783 1715 conpellere
807 1635 864 1712 est,
886 1632 939 1714 qui
958 1631 1120 1716 praecidet
1138 1635 1343 1715 peccatorem,
1363 1651 1437 1716 ergo

300 1738 367 1820 ipse
395 1754 489 1802 causa
514 1737 633 1818 peccati
661 1739 729 1801 est?
773 1736 908 1820 praescit
935 1736 1122 1800 adulterium
1149 1736 1239 1816 deus,
1270 1754 1343 1820 ergo
1369 1737 1436 1819 ipse

301 1859 372 1907 ossa
395 1845 426 1906 et
448 1841 600 1906 medullas
628 1841 751 1925 ignibus
774 1841 900 1906 obsceni
922 1840 1034 1906 fiuroris
1060 1839 1256 1906 inflammat?
1300 1841 1436 1924 praescit

301 1945 376 2010 deus
397 1946 596 2025 homicidam,
620 1945 770 2026 numquid
788 1946 854 2028 ipse
870 1946 1017 2010 bestiales
1036 1949 1140 2010 motus
1155 1944 1344 2029 perturbatis
1364 1963 1436 2009 sen-

300 2049 387 2114 sibus
410 2050 565 2134 suggerit,
592 2049 659 2132 ipse
686 2049 726 2113 ad
747 2049 961 2134 peragendum
982 2049 1104 2114 facinus
1126 2049 1265 2132 gladium
1288 2053 1435 2116 cruentae

249 2177 274 2218 rs
300 2154 415 2219 montis
438 2153 581 2218 enecuit?
619 2153 752 2236 praescit
776 2154 918 2236 impium,
942 2172 1014 2237 ergo
1037 2155 1104 2237 ipse
1126 2155 1165 2218 ad
1187 2155 1318 2237 protana
1339 2154 1435 2218 saeri-

300 2257 371 2321 ficia
397 2257 543 2341 spiritum
570 2258 722 2322 dementis
749 2258 900 2342 instigat?
949 2258 1034 2322 itane
1060 2275 1194 2340 quarum
1221 2275 1324 2322 rerum
1352 2257 1435 2322 ultor

300 2364 361 2442 est,
393 2379 500 2426 earum
530 2365 561 2426 et
590 2365 697 2426 auctor
727 2380 794 2426 esse
824 2361 996 2426 credendus
1026 2364 1095 2426 est?
1126 2365 1157 2425 et
1184 2363 1265 2426 inter
1292 2362 1368 2426 haec
1395 2362 1434 2426 ad

300 2467 419 2531 malum
437 2485 604 2550 permgere
623 2466 805 2531 iudicandus
829 2469 878 2530 est
899 2466 1040 2548 captiuae
1063 2467 1232 2530 uoluntatis
1255 2466 1433 2545 adsensum,

299 2571 353 2654 qui
380 2589 437 2635 nec
464 2571 587 2636 diabolo
615 2571 789 2654 conpellere
816 2570 961 2654 permisit
990 2569 1147 2634 inuitum?
1199 2570 1344 2636 uoluntas
1375 2573 1432 2650 est,

245 2699 271 2738 ιο
297 2693 376 2758 qnae
399 2680 542 2758 operatur
565 2675 728 2755 delictum,
752 2675 898 2740 noluntas
922 2677 984 2754 eet,
1012 2691 1091 2757 qnae
1114 2679 1252 2740 meretur
1274 2674 1431 2739 auxilinm.

340 2779 401 2845 Sed
427 2780 518 2844 dicis:
546 2781 670 2846 inuenio
698 2779 751 2844 ubi
778 2779 846 2844 sola
871 2780 974 2863 gratia
1003 2780 1070 2844 sine
1102 2781 1250 2844 societate
1277 2779 1432 2844 humanae

297 2883 466 2948 uoluntatis
497 2888 650 2966 operetur,
681 2901 755 2948 nam
777 2883 810 2948 in
830 2883 993 2948 Bethleem
1017 2883 1119 2948 omnis
1141 2883 1355 2948 innocentium
1377 2901 1432 2966 po-

296 2988 389 3071 pulus
412 2991 477 3052 tarn
500 2987 626 3052 beatam
653 2991 785 3052 mortem
816 3007 851 3050 ex
879 2988 945 3051 sola
972 2987 1021 3052 dei
1047 2987 1329 3070 praedestinatione
1359 3004 1432 3052 con-

297 3093 445 3174 sequitur.
491 3108 552 3156 non
579 3093 624 3156 ila
650 3095 706 3156 est.
753 3110 826 3157 nam
854 3095 921 3156 turn
948 3091 1079 3156 forsitan
1102 3091 1198 3156 solius
1221 3093 1339 3175 gratiae
1362 3109 1432 3156 uer-

244 3219 270 3258 as
297 3199 415 3261 teretur
426 3195 574 3279 operatio,
591 3196 617 3260 si
631 3196 805 3260 innocentis
821 3196 980 3280 sanguinis
996 3213 1058 3260 non
1073 3196 1298 3260 intercessisset
1311 3194 1430 3260 effusio.

202 3371 205 3378 ,
298 3300 379 3382 quod
402 3300 428 3364 si
451 3317 514 3364 una
536 3303 610 3365 tunc
633 3300 692 3364 fuit
713 3301 925 3366 innocentium
947 3318 1051 3380 eausa,
1078 3318 1133 3364 cur
1155 3317 1217 3364 non
1245 3300 1346 3366 omnis
1369 3299 1431 3364 illic

297 3404 436 3471 saluatur
457 3403 609 3468 infantia?
652 3403 690 3468 ab
714 3404 798 3470 illius
822 3407 905 3470 enim
927 3405 1075 3487 temporis
1099 3403 1197 3487 gloria
1219 3403 1320 3468 omnis
1343 3406 1430 3468 aetas

296 3508 423 3572 alterius
439 3527 530 3573 sexus
546 3508 649 3573 aliena
672 3513 728 3572 est.
766 3509 793 3574 si
808 3509 856 3574 nis
871 3509 1163 3592 praedestinationis
1186 3509 1353 3592 specialem
1375 3525 1431 3590 per

296 3612 434 3696 singulos
450 3613 526 3676 facit
546 3612 765 3694 conditionem,
789 3631 843 3677 eur
858 3612 909 3677 hic
928 3631 1037 3677 omnes
1057 3613 1144 3696 pueri
1160 3612 1290 3676 diuersis
1310 3611 1430 3676 dierum

244 3741 270 3782 ro
296 3717 346 3781 uel
369 3735 535 3782 mensuum
563 3717 756 3800 temporibus
784 3718 849 3782 nati
874 3734 970 3780 unam
993 3716 1135 3782 obtinent
1156 3717 1359 3782 felicitatem?
1404 3715 1431 3780 si

340 3941 413 4011 litut
429 3943 498 4009 (mut
516 3941 612 4010 ant)P
663 3942 870 3998 2h0minumo
922 3946 1166 4011 5qnamcumquae
1179 3942 1207 3996 P
1257 3939 1391 3995 asseradae
1404 3942 1432 3996 P

295 4031 488 4098 tigranem-P
551 4030 684 4100 sinapiso
747 4029 871 4084 firmenta
889 4030 917 4084 P
977 4032 1038 4083 let
1055 4042 1122 4097 quae
1139 4029 1248 4098 saepae,
1264 4044 1330 4097 quae
1350 4029 1382 4092 P,
1402 4031 1430 4082 et

295 4131 407 4184 quamv
476 4119 575 4172 8aunt
592 4135 642 4172 om.
658 4129 678 4174 'a
746 4116 902 4172 illaturam
922 4117 949 4170 P
1015 4115 1172 4171 institutio
1241 4113 1380 4184 collegitur
1403 4115 1431 4168 P

296 4206 328 4258 10
345 4201 524 4272 praeciditP
574 4205 782 4273 peccatorumP
834 4203 1015 4272 13molltusP
1068 4205 1099 4258 14
1113 4203 1260 4257 cruenteP
1312 4201 1429 4257 lculcor

294 4291 345 4359 est]
366 4289 479 4344 ultorem
498 4291 525 4345 P
586 4291 617 4346 19
636 4289 743 4345 diabulo
761 4291 789 4346 P
848 4293 881 4346 22
898 4307 989 4344 omnes
1008 4290 1036 4344 P
1097 4291 1132 4344 23
1149 4289 1383 4358 praedistinationa
1402 4289 1431 4344 P

293 4379 327 4432 24
345 4377 466 4432 forsitam
484 4378 512 4432 P
580 4381 614 4434 26
632 4394 700 4446 quur
718 4379 745 4433 P
813 4380 846 4434 28
867 4370 1114 4446 praedistinaticuie
1132 4377 1160 4431 P
1228 4375 1383 4445 speciealem
1401 4377 1431 4432 P

293 4467 326 4522 29
344 4481 412 4534 quur
430 4466 458 4520 P
