3264 5134
312 519 354 584 62
743 557 747 564 -
775 519 796 572 1.
817 520 860 572 De
878 519 988 587 gratia

311 716 351 761 ne
373 697 492 760 malum
508 697 691 778 sequereris,
714 696 870 776 admonui,
894 696 1013 760 malurn
1036 699 1067 760 te
1089 714 1145 778 pro
1168 701 1371 761 consecutura
1393 715 1450 762 uo·

310 799 466 864 luntatum
489 803 613 864 tuarum
639 799 803 882 iniquitate
825 799 974 883 praecidi.
1019 799 1074 864 ubi
1101 819 1164 865 non
1191 801 1365 884 conpulsio,
1393 801 1450 864 sed

269 941 272 948 ·
311 905 472 969 consensio
494 904 643 988 peccandi
666 903 907 987 deprehenditur
929 904 961 967 iu
984 904 1133 986 querella,
1162 922 1223 969 non
1247 909 1364 986 auctor,
1392 905 1448 969 sed

309 1009 539 1093 praeuaricator
565 1009 597 1072 in
624 1009 716 1092 culpa
743 1011 799 1073 est.
850 1009 877 1072 si
904 1008 942 1072 ad
969 1009 1134 1089 sectorem,
1160 1009 1275 1092 inquit,
1303 1008 1447 1090 obomo,

272 1139 285 1178 c
310 1113 448 1197 respicis,
471 1112 572 1178 bonus
596 1131 664 1177 esse
685 1113 825 1196 potuisti,
848 1113 874 1176 si
897 1111 935 1176 ad
957 1113 1236 1197 praecognitorem,
1260 1118 1295 1177 tu
1318 1133 1369 1178 me
1391 1131 1448 1198 pro

310 1221 471 1303 gestorum
495 1220 621 1284 tuorum
644 1217 761 1298 ordine,
784 1219 820 1280 ut
843 1216 880 1280 de
903 1219 935 1282 te
958 1217 1077 1282 malum
1099 1235 1346 1300 praenoscerem,
1374 1236 1449 1282 con-

309 1321 424 1404 pulisti.

352 1422 413 1491 Sed
438 1425 575 1490 reuoluis
603 1429 634 1491 et
660 1425 752 1491 dicis:
779 1425 986 1509 praescientia
1013 1429 1045 1490 et
1070 1425 1313 1510 praedestinatio
1335 1425 1448 1491 huma-

309 1547 421 1594 norum
454 1533 580 1595 actuum
612 1533 703 1613 atque
735 1530 918 1595 meritorum
947 1528 1091 1614 praefigit
1119 1533 1151 1594 et
1181 1531 1296 1596 excitat
1325 1548 1446 1596 causas.

259 1660 284 1700 ro
309 1635 430 1699 nonita
446 1639 502 1700 est.
542 1635 642 1719 magis
665 1635 704 1699 de
726 1635 844 1719 origine
866 1635 1036 1700 uoluntatis
1059 1634 1214 1699 humanae
1236 1654 1335 1719 genus
1358 1653 1448 1719 prae-

309 1739 457 1804 scientiae
485 1738 651 1804 deriuatur.
701 1739 755 1803 sad
781 1742 817 1803 ut
843 1739 940 1822 aliqui
967 1739 1163 1823 cogitationis
1191 1757 1265 1804 suae
1291 1741 1447 1823 prauitate

308 1843 461 1908 ducantur
480 1847 511 1908 et
530 1847 617 1908 actus
638 1860 711 1908 suos
734 1843 773 1908 de
795 1843 1004 1926 praescientia
1026 1843 1193 1908 aestiment
1215 1844 1364 1925 inchoari,
1386 1844 1448 1908 boe

308 1947 346 2011 de
372 1947 496 2031 proprio
528 1947 624 2012 animi
650 1947 728 2012 uitio
755 1965 792 2012 ac
819 1947 858 2012 de
887 1947 1108 2012 inemendabili
1138 1947 1346 2012 obstinatione
1375 1965 1447 2031 pro·

308 2051 404 2133 cedit,
437 2051 510 2115 dnm
541 2051 691 2116 simulant
719 2050 918 2136 passionibus
948 2053 1095 2118 reluctari
1125 2055 1158 2116 et
1183 2055 1295 2136 putant
1321 2071 1355 2116 se
1382 2069 1446 2117 non

257 2180 282 2220 re
308 2173 409 2239 posse,
433 2155 515 2238 quod
538 2155 656 2220 uolunt.
701 2156 805 2240 legem
827 2155 935 2221 fficunt
957 2175 1025 2221 esse
1052 2155 1248 2221 inmutabilis
1276 2157 1350 2221 mali
1373 2175 1447 2221 oon-

308 2260 506 2324 suetudinem
524 2260 734 2342 delinquendi.
769 2260 824 2324 sed
844 2261 945 2325 adhuc
965 2261 1051 2342 diois,
1075 2261 1147 2343 quia
1166 2277 1261 2344 opera
1280 2278 1315 2325 ac
1335 2261 1447 2326 uolun-

307 2367 389 2429 tates
412 2363 576 2429 hominum
600 2364 638 2428 de
661 2367 740 2430 nutu
763 2367 794 2428 et
814 2365 941 2448 inpulsu
961 2365 1186 2449 praescientiae
1205 2365 1348 2429 caelestis
1368 2365 1447 2428 inci-

308 2469 405 2552 piant.
451 2485 514 2534 non
543 2467 588 2533 ita
618 2472 673 2534 est.
724 2468 783 2534 boc
812 2469 915 2553 potius
946 2487 1095 2554 agnosce,
1130 2469 1212 2552 quod
1241 2469 1460 2552 praescientia·

308 2573 356 2636 dei
379 2573 417 2636 de
440 2573 570 2637 mamria
592 2573 800 2638 hnmanomm
824 2577 950 2638 actuum
976 2577 1080 2638 sumat
1103 2573 1271 2638 exordium.
1311 2571 1383 2654 quid
1406 2573 1445 2637 de

256 2703 282 2742 ro
308 2677 397 2742 nobie
420 2677 575 2761 praescire
597 2695 634 2742 ac
653 2677 869 2762 praeordinare
893 2677 1004 2742 debeat
1026 2678 1112 2758 deus,
1136 2681 1289 2760 quantum
1310 2678 1447 2761 pertinet

308 2782 347 2846 ad
369 2781 521 2862 futurum,
544 2783 575 2846 in
598 2782 739 2865 profectu
762 2781 897 2846 hominis
921 2781 1106 2864 delectuque
1129 2782 1283 2847 consistit.

350 2885 466 2969 Accipe
494 2885 571 2950 illud
598 2887 789 2970 exemplum,
820 2903 880 2968 quo
911 2886 1117 2969 praescientia
1147 2887 1196 2950 dei
1222 2903 1277 2968 pro
1307 2885 1447 2950 humana

308 3009 342 3054 se
365 2990 485 3054 actione
509 2990 670 3055 conuertit.
716 2990 755 3055 ad
778 2989 1017 3055 decumbentem
1040 2989 1204 3054 Ezechiam
1228 3009 1335 3074 regem
1360 3007 1445 3054 mors

308 3093 446 3160 defertur
469 3094 499 3157 in
526 3093 623 3158 uerbo
650 3094 732 3158 tristi
758 3095 840 3158 natis
869 3095 995 3158 ueridici
1024 3095 1207 3158 adnuntiata
1229 3111 1377 3176 responso
1400 3094 1446 3158 ita

255 3223 282 3262 aa
309 3198 454 3262 dicentis:
485 3197 614 3262 ordina
641 3197 785 3262 domum
812 3202 927 3278 tuam,
958 3215 1039 3262 nam
1070 3216 1151 3262 eras
1182 3199 1360 3262 morieris.
1411 3203 1446 3262 at

307 3301 359 3366 ille
386 3319 553 3367 conuersus
581 3301 620 3366 ad
642 3301 751 3366 fletum
779 3303 934 3367 ordinauit
960 3301 1087 3366 domum
1115 3319 1219 3383 suam,
1247 3303 1320 3384 quia
1341 3303 1446 3365 humi-

307 3405 398 3471 liauit
427 3406 565 3471 animam
596 3423 695 3470 suam.
749 3407 933 3490 prophetam
965 3407 1090 3489 quidem
1123 3407 1299 3489 exploratae
1329 3407 1446 3470 sancti·

307 3512 382 3576 tatis
410 3511 564 3596 agnoscit,
592 3510 647 3576 sed
674 3511 847 3594 desperatio
874 3530 928 3594 spe
954 3511 1122 3593 repellitur.
1169 3511 1264 3575 oratio
1287 3511 1446 3574 interdicit

308 3616 446 3697 oraculo,
473 3616 602 3680 resoluit
625 3615 799 3698 deprecatio
826 3615 1052 3695 definitionem,
1079 3614 1155 3679 fides
1179 3615 1272 3698 plena
1294 3615 1368 3679 dieti
1391 3633 1445 3679 su-

256 3744 283 3784 so
308 3725 396 3804 perat
421 3721 602 3801 ueritatem,
633 3719 848 3786 ineuitabilem
875 3719 1073 3784 denuntiatae
1101 3719 1210 3783 mortis
1237 3737 1364 3783 causam
1392 3737 1445 3782 ex-

411 3909 457 3980 us]
476 3912 493 3966 4
510 3909 575 3980 aeg.
588 3911 630 3974 ao,
645 3911 667 3966 1.

353 4093 518 4161 lsequaeris
536 4093 564 4147 P
621 4085 793 4162 prdseoutura
811 4092 839 4146 P
898 4089 1114 4146 ScouseutioP
1175 4089 1399 4159 deprenhenditur
1418 4092 1446 4146 P

308 4179 436 4249 quaarilla
453 4181 481 4235 P
531 4179 709 4248 trespicito
761 4176 996 4247 8praedistinatio
1015 4179 1043 4233 P
1093 4179 1222 4245 9atquae
1241 4178 1269 4232 P
1328 4180 1356 4234 ll
1378 4176 1443 4231 diri-

308 4296 387 4347 uacur
406 4293 433 4348 n
497 4294 529 4348 ra
547 4291 591 4360 ae]
610 4291 672 4347 ine
738 4293 769 4347 re
788 4291 829 4360 aa]
848 4291 932 4346 noae
1001 4292 1033 4345 14
1052 4257 1159 4344 rentur
1178 4290 1206 4344 P
1276 4291 1310 4345 aa
1328 4289 1398 4358 quoa
1417 4291 1446 4345 P

308 4381 342 4435 28
360 4379 509 4434 ezheohiam
528 4379 556 4433 P
614 4381 648 4434 25
667 4377 766 4432 donum
785 4378 821 4432 P¹
883 4377 917 4432 ad
936 4378 964 4432 P
1016 4379 1050 4433 27
1068 4377 1231 4446 prophetae
1282 4378 1316 4433 29
1334 4375 1443 4446 deprae-

309 4467 377 4524 catio
396 4467 424 4527 P
