3320 5140
492 1023 719 1098 orrlrum
749 1023 880 1098 LIBRI
910 1023 1061 1098 PRllll.

700 1231 853 1238 ——.-—-—=-

290 1407 313 1465 l.
338 1407 416 1476 Quod
439 1406 548 1480 Pelagii
572 1423 686 1478 sensus,
714 1406 762 1480 qui
786 1405 907 1480 gratiam
931 1405 1059 1481 negauit,
1087 1407 1177 1481 primo
1205 1408 1263 1465 loeo
1291 1425 1342 1466 ue·

341 1527 420 1569 nesse
443 1511 482 1568 sit
504 1509 621 1569 destrui.

276 1615 313 1673 ll.
338 1615 443 1673 Contra
461 1614 646 1674 obiectionem
665 1613 786 1689 Pelagii,
807 1632 863 1688 qua
878 1614 947 1673 dioit
966 1615 1101 1688 paruulos
1123 1614 1263 1689 baptismo
1283 1634 1340 1674 non

338 1735 429 1794 egere.
718 1725 721 1732 '
1381 1734 1393 1772 5

260 1823 313 1882 Ill,
338 1823 443 1881 Contra
461 1823 522 1892 hoo,
543 1824 616 1896 quud
632 1822 740 1892 dieunt,
757 1822 825 1896 quia
840 1839 891 1896 per
906 1823 994 1880 uolam
1010 1823 1131 1898 gratiam
1148 1825 1338 1884 omnishomo

337 1927 400 1986 sine
422 1927 479 1986 ullo
502 1927 596 1986 labore
619 1929 758 1985 seruetur.
790 1929 890 1985 eontra
905 1945 968 1985 eum
985 1945 1111 2000 sensum,
1135 1929 1184 2002 qui
1206 1928 1337 1987 dicendo:

338 2049 412 2090 unus
435 2033 470 2090 ad
493 2035 611 2090 mortem
634 2031 878 2106 praedestinatum
907 2031 979 2090 alter
1006 2035 1039 2090 ud
1067 2033 1155 2092 uitam
1179 2033 1337 2108 praedesti·

337 2139 422 2194 natus
445 2139 498 2206 est,
523 2139 607 2195 rebus
630 2135 702 2210 ipsis
725 2153 804 2210 opem
827 2137 993 2195 intercludit
1015 2137 1123 2196 orandi.

242 2241 312 2300 llll.
337 2241 392 2298 Ubi
415 2240 487 2315 legis
510 2257 595 2314 opera
618 2241 807 2298 destruuntur
829 2243 858 2298 et
880 2240 989 2315 gratiae
1013 2243 1255 2301 commendantur.
1365 2257 1391 2296 ιο

279 2345 312 2404 V.
337 2345 378 2403 De
401 2361 442 2416 eo,
466 2346 539 2419 quod
562 2345 619 2402 ait:
643 2344 737 2419 gratia
760 2344 804 2402 dei
827 2362 890 2402 sum
914 2344 951 2416 id,
975 2347 1048 2418 quod
1072 2363 1144 2404 sum.

262 2449 311 2508 vl.
335 2449 476 2519 Quomodo
499 2449 721 2524 intellegendum
743 2448 798 2507 sit:
822 2447 924 2522 gratia,
950 2449 1054 2524 inquit,
1078 2450 1152 2508 salui
1175 2451 1243 2508 lauti
1267 2451 1337 2510 estis

334 2571 385 2628 per
408 2553 489 2612 fidem
512 2555 541 2611 et
564 2571 623 2612 non
647 2571 679 2611 ex
703 2553 793 2612 uobis.

247 2659 311 2716 Vll.
337 2659 441 2716 Contra
467 2657 529 2728 hoo,
557 2659 630 2732 quod
651 2657 749 2716 dieunt
777 2657 895 2716 liberum
924 2657 1073 2716 arbitrium
1100 2675 1133 2716 ex
1161 2661 1220 2718 toto
1247 2658 1338 2716 luisse

337 2761 489 2820 sublatum.
821 2815 823 2818 .
1367 2779 1391 2818 15

231 2867 311 2924 vill.
336 2866 464 2936 Qualiter
487 2865 640 2924 iufirmitas
664 2865 745 2924 liberi
768 2866 880 2924 arbitrii
904 2865 1098 2940 intellegenda
1120 2865 1167 2925 sit.
1191 2935 1196 2946 ι

217 2971 312 3029 vllll.
337 2970 478 3040 Quomodo
507 2969 729 3044 intellegendum
757 2970 811 3028 sit:
840 2988 899 3028 non
923 2970 1046 3028 uolentis
1070 2987 1161 3044 neque
1184 2971 1336 3038 currentia,

335 3075 385 3132 sed
407 3073 571 3134 miserentis
594 3076 639 3132 est
662 3073 720 3144 dei,
745 3075 790 3132 uel
814 3073 899 3134 illud:
929 3091 987 3133 uon
1015 3074 1082 3132 ueni
1110 3091 1211 3132 nouare
1234 3073 1336 3142 luston

335 3181 384 3238 sed
405 3181 568 3254 peccatores
592 3178 623 3236 iu
646 3178 863 3252 paenitentiam.

274 3283 308 3342 ll.
333 3283 438 3342 Contra
453 3283 516 3354 hoo,
540 3283 613 3356 quod
634 3281 733 3341 dieunt
756 3283 791 3340 ad
811 3281 915 3340 malum
937 3284 1050 3340 tuntum
1069 3281 1218 3340 arbitrium
1242 3300 1336 3356 prom·
1363 3301 1388 3339 ro

334 3389 413 3462 ptum
437 3405 500 3446 esee
522 3386 640 3457 homini,
664 3388 698 3446 ad
723 3389 826 3446 bonum
849 3403 966 3461 promus
991 3403 1049 3444 non
1072 3403 1143 3444 esse.

259 3492 308 3550 ill.
333 3493 439 3550 Contra
460 3507 523 3549 eum
547 3507 673 3560 sensum,
694 3491 742 3564 qui
759 3492 837 3562 dioit,
858 3491 932 3564 quod
948 3508 999 3548 uas
1016 3489 1046 3548 in
1062 3490 1261 3549 contumellam
1278 3509 1335 3549 non

334 3595 426 3669 possit
448 3595 612 3669 adsurgere,
635 3597 668 3652 ut
690 3594 729 3652 sit
752 3612 804 3652 uas
827 3595 858 3652 in
880 3595 1024 3654 honorem.

244 3699 308 3758 llll.
332 3699 404 3758 Item
420 3699 493 3758 uelle
508 3701 537 3756 et
553 3698 627 3757 nolle
643 3698 718 3758 siout
733 3700 768 3756 ad
783 3698 885 3756 malam
902 3698 942 3756 ita
957 3699 1042 3756 etiem
1058 3699 1210 3758 aduenam
1226 3701 1335 3773 partem

333 3803 456 3863 hominis
480 3803 598 3863 arbitrio
621 3803 711 3862 luisse
734 3803 916 3862 conmissum.
1362 3821 1387 3859 re

244 4047 255 4100 1
282 4043 470 4098 lNClPIUNT
492 4041 670 4098 CAPITULA
696 4041 743 4095 DF}
763 4003 882 4096 PRIMO
896 4005 1008 4096 {IBRO
1032 4042 1058 4095 P
1125 4045 1141 4096 2
1168 4041 1285 4110 grauiam
1311 4044 1337 4095 P

195 4135 213 4186 3
233 4129 329 4183 distrui
350 4130 376 4182 P
430 4129 562 4198 lpalagii
581 4129 608 4182 P
659 4127 900 4198 Spraedistinatus
919 4129 945 4182 P
961 4135 1073 4197 utroque
1097 4129 1153 4183 loco
1215 4129 1334 4182 lliuter·

195 4215 360 4270 rlnditorum
386 4215 419 4268 di
448 4217 474 4270 P
543 4217 574 4270 lli
599 4213 768 4268 distruuntur
793 4217 819 4270 P
890 4219 919 4270 12
944 4213 1036 4282 inquid
1062 4215 1088 4268 P
1153 4217 1183 4268 13
1211 4215 1281 4268 idem
1310 4216 1336 4268 P

199 4331 231 4384 17
256 4325 433 4398 intellegenda
456 4329 483 4383 P
548 4293 663 4380 uolentis
682 4329 708 4382 P
776 4331 808 4382 lo
830 4327 992 4396 paenitentia
1016 4327 1043 4381 P
1099 4331 1132 4382 20
1154 4327 1336 4396 promtumP

195 4443 232 4496 23
251 4439 349 4496 honore
367 4441 395 4494 P
445 4443 478 4496 24
497 4406 598 4494 malfam
616 4441 643 4496 P
694 4444 727 4496 25
746 4439 884 4495 conmissit
902 4441 929 4494 P
