3268 5142
751 442 817 498 1111.
837 442 945 496 Serme
963 445 1004 497 26.

821 670 935 735 XXVI.

655 814 757 856 8811th
780 815 822 854 DE
846 813 1102 862 concussam.

356 933 519 996 Permctos
551 949 618 996 esse
649 949 704 996 uos
735 931 835 1012 oredo,
867 931 978 995 fratres
1002 929 1207 1009 dilectissimi,
1236 947 1291 992 cnr
1322 929 1361 992 ad
1395 947 1445 992 su-

313 1037 467 1119 periorem
491 1035 676 1101 dominicam
699 1036 908 1118 percurrimus
932 1039 973 1116 et,
1001 1053 1073 1099 cum
1096 1035 1185 1099 hodie
1208 1035 1249 1098 sit
1271 1033 1337 1096 eius
1360 1050 1445 1097 exor-

274 1167 287 1208 s
315 1140 411 1220 dium,
434 1159 488 1204 our
512 1140 717 1204 festiuitatem
741 1139 807 1204 eius
831 1143 902 1203 ante
925 1157 1021 1203 unam
1040 1139 1267 1204 hebdomadam
1290 1137 1444 1201 celebrare

314 1245 515 1328 coeperimus,
549 1245 732 1326 reprehendi
749 1263 809 1309 non
826 1249 929 1328 potest
949 1244 1125 1308 obseruatio
1148 1245 1209 1308 ista
1230 1261 1444 1326 praepropera.

314 1347 486 1413 deuotionis
510 1349 592 1412 enim
616 1348 762 1412 iudicium
793 1352 841 1413 est
862 1349 947 1432 prius
969 1349 1072 1432 legem
1102 1349 1226 1430 exsequi
1249 1364 1344 1429 quam
1368 1346 1445 1430 legis

314 1456 432 1516 statuta
451 1455 684 1535 cognoscereet
704 1455 777 1516 aute
800 1451 943 1517 oboedire
959 1453 1141 1535 praeceptis,
1164 1470 1258 1534 qnam
1280 1451 1446 1516 oboedien-

304 1558 376 1650 ³tiae
399 1559 564 1640 praecepta
587 1557 783 1639 compellant.
821 1556 899 1621 illud
914 1557 997 1621 enim
1021 1557 1135 1621 amoris
1159 1561 1217 1636 est,
1240 1555 1298 1619 hoc
1314 1554 1445 1632 timoris,

264 1689 289 1728 ro
314 1660 371 1726 hoc
394 1660 579 1742 imperatiue
602 1660 744 1743 exigitur,
774 1661 851 1725 illud
874 1661 1016 1744 religiose
1046 1661 1193 1740 defertur,
1225 1659 1276 1723 hio
1306 1658 1445 1722 debitum

315 1765 455 1845 soluitur,
479 1765 522 1828 ibi
545 1765 660 1829 donum
684 1765 822 1830 muneris
839 1765 1008 1830 exhibetur.
1044 1765 1125 1829 unde
1148 1768 1180 1828 et
1194 1783 1250 1828 nos
1265 1763 1446 1846 religiosum

315 1888 428 1933 munus
452 1869 647 1933 exhibuimus
671 1869 738 1950 deo,
762 1869 836 1933 dum
852 1870 986 1953 amplius
1009 1869 1226 1933 ieiunauimns
1261 1866 1447 1951 reprehendi

314 1973 398 2038 enim
421 1991 483 2038 non
506 1977 609 2057 potest
631 1973 779 2038 festinata
801 1973 964 2038 festiditas
1010 1993 1132 2056 semper
1155 1973 1238 2038 enim
1265 1973 1297 2036 in
1324 1971 1445 2056 gaudiis

315 2077 518 2141 sollemnitati
540 2081 614 2142 uota
635 2078 841 2160 praeueninut
864 2080 895 2142 et
916 2078 1054 2142 futuram
1077 2077 1230 2141 laetitiam
1249 2077 1373 2140 deuotio
1396 2095 1446 2138 ex-

263 2207 288 2246 1⁵
314 2183 419 2263 optata
442 2181 601 2264 anticipat
647 2199 709 2246 non
732 2183 833 2246 solum
863 2182 956 2265 igitur
983 2200 1045 2246 non
1072 2179 1366 2265 reprehensibiliter,
1393 2177 1446 2242 sed

315 2287 346 2349 et
368 2289 457 2350 caute
480 2285 598 2350 iactum
622 2289 678 2350 est.
724 2305 847 2369 semper
870 2286 953 2350 enim
976 2286 1009 2350 iu
1031 2285 1124 2350 rebus
1148 2283 1302 2367 ambiguis
1326 2287 1446 2366 oportet

314 2388 425 2453 addere
449 2389 564 2476 aliquid
587 2390 721 2472 amplius
745 2389 784 2454 ad
810 2391 975 2470 cautelam,
1005 2391 1087 2472 quia,
1116 2388 1197 2470 quod
1224 2391 1272 2451 est
1301 2387 1445 2470 amplius

313 2493 408 2557 recidi
429 2496 543 2575 potest,
570 2493 651 2575 quod
674 2494 788 2574 minus,
816 2512 878 2558 non
900 2497 1002 2575 potest
1024 2492 1211 2576 prolongari,
1234 2491 1316 2555 sicut
1337 2492 1369 2554 in
1389 2491 1446 2554 hac

314 2596 532 2661 obseruatione
560 2597 677 2661 iactum
701 2601 756 2661 est.
804 2616 887 2678 uam,
916 2597 1149 2679 quodpropter
1176 2595 1446 2678 quadragesimam

261 2726 287 2766 so
313 2701 383 2784 plus
406 2701 623 2782 ieiunauimus,
647 2720 709 2765 non
725 2701 894 2766 minuimus
915 2701 1197 2784 quadragesimam,
1220 2700 1343 2783 integra
1364 2699 1445 2762 enim

314 2804 403 2868 nobis
434 2809 549 2870 manet.
596 2805 704 2887 quodsi
734 2807 836 2869 minus
867 2806 1104 2884 ieiunasscmus,
1136 2823 1155 2868 a
1185 2820 1314 2868 numero
1344 2802 1446 2866 redin-

313 2911 435 2992 tegrare
460 2927 529 2974 eam
552 2927 613 2974 non
636 2913 814 2992 poteramus
837 2910 876 2973 ad
899 2927 1074 2973 numerum.

357 3011 416 3078 Sed
439 3013 570 3077 fortasse
592 3013 669 3077 illud
695 3014 727 3077 in
751 3031 844 3077 causa
866 3017 925 3094 est,
952 3031 1006 3076 cur
1032 3013 1193 3092 ieiunium,
1224 3012 1307 3094 quod
1330 3011 1456 3098 ieiuna-v

313 3117 428 3197 nimus,
452 3135 514 3182 non
536 3115 678 3200 proficiet
701 3116 791 3182 nobis
815 3117 852 3180 ad
875 3117 1155 3201 quadragesimam.
1193 3113 1332 3199 proficiet
1355 3117 1446 3199 plane

260 3246 286 3285 ss
313 3220 413 3301 nobis,
444 3221 525 3302 quia,
557 3221 617 3285 etsi
645 3239 706 3285 non
734 3220 854 3304 proficit
882 3221 920 3284 ad
948 3221 1230 3304 quadragesimam,
1259 3219 1383 3303 proficit
1409 3217 1447 3282 ad

313 3324 458 3403 salutem,
491 3325 517 3388 si
547 3343 608 3388 non
637 3324 760 3407 proiicit
789 3325 828 3388 ad
858 3343 1033 3405 numerum,
1067 3323 1190 3406 proficit
1221 3324 1257 3388 ad
1289 3323 1444 3388 meritum.

313 3428 361 3491 cui
392 3429 475 3492 enim
504 3447 653 3510 umquam
683 3447 744 3492 non
774 3428 892 3511 profuit
921 3447 1017 3509 orare,
1049 3428 1163 3512 legere,
1194 3428 1352 3491 ieiunare?
1398 3427 1446 3491 cui

313 3550 375 3596 non
397 3531 514 3613 profuit
543 3533 682 3613 castitas,
714 3531 876 3614 sobrietas,
907 3532 1135 3596 mansuetudo?
1180 3531 1241 3596 nisi
1272 3532 1354 3613 quod
1376 3531 1446 3595 illos

355 3689 372 3741 2
394 3692 480 3742 amtot
502 3688 546 3742 hic
567 3703 651 3742 omno
674 3688 705 3742 ia
728 3687 818 3742 codem
840 3687 909 3743 libro
932 3688 1117 3756 mandantpto
1139 3687 1188 3754 (P)
1214 3703 1266 3756 mco
1293 3686 1447 3742 meccedem

312 3773 359 3840 sol.
374 3778 426 3828 110
432 3783 454 3841 ⁸,·
466 3775 588 3843 priorem
606 3775 736 3830 sermcm's
749 3780 858 3844 portem
875 3791 959 3843 aequa
975 3773 1123 3842 cdp.329,
1137 3778 1170 3827 13
1188 3789 1241 3826 non
1254 3771 1330 3827 nouit
1342 3773 1447 3828 Amce

313 3859 479 3916 Poriaiensis
492 3861 563 3928 (121,
575 3864 627 3916 742
639 3861 691 3928 Μ.)
703 3862 806 3916 exibet
818 3862 848 3915 in
861 3863 929 3916 libro
942 3861 1073 3915 aduersa
1085 3859 1201 3915 Graecos
1213 3878 1233 3915 c.
1247 3861 1306 3928 176,
1314 3860 1447 3928 patareo

312 3962 368 4000 rem
386 3947 538 4002 Daeberius
556 3947 641 4002 edidit
659 3949 690 4002 ia
709 3947 856 4017 Spicileyic
875 3947 952 4014 (Par.
966 3947 1045 4013 1723)
1063 3948 1084 4001 I
1100 3950 1166 4014 215,·
1187 3945 1253 4000 item
1271 3961 1357 3999 sermo
1376 3945 1446 3998 unde

313 4047 393 4100 supra
411 4033 438 4086 P
498 4035 514 4088 3
532 4050 601 4102 quur
618 4034 646 4087 P
661 4041 774 4104 atroque
792 4035 848 4090 loco
910 4031 1121 4088 condomanam
1139 4033 1167 4087 P
1222 4035 1238 4087 6
1256 4031 1403 4100 ceperimus
1421 4031 1449 4084 P

313 4133 487 4187 praepropera
498 4121 764 4189 seripstpoperaP
811 4122 842 4174 10
856 4117 974 4172 defertur
985 4121 1091 4189 compsi,
1105 4118 1266 4173 differturP
1312 4121 1343 4175 11
1361 4117 1446 4171 exibe-

314 4209 358 4258 tur
381 4205 408 4258 P
461 4209 492 4260 12
510 4205 656 4260 exibuimus
674 4208 702 4261 P
754 4209 784 4262 ll
804 4205 975 4260 sollemnitati
993 4208 1101 4275 scripsi,
1119 4205 1314 4275 sollempuitate
1333 4207 1360 4260 P
1410 4205 1445 4258 le-

314 4291 404 4345 ticiam
423 4292 451 4346 P
511 4295 542 4348 19
561 4308 623 4346 nam
640 4295 747 4367 relapsi,
765 4309 797 4350 ne
816 4294 844 4352 P
898 4295 929 4352 21
950 4292 1112 4362 reintegrare
1131 4294 1158 4347 P
1212 4294 1246 4348 22
1263 4307 1322 4345 eam
1340 4292 1445 4362 scripsi,

314 4394 373 4438 eum
393 4378 420 4432 P
470 4381 504 4434 23
522 4395 591 4454 quur
609 4380 636 4438 P
