3268 5142
314 489 377 556 338
455 475 461 484 “
754 489 819 544 ΠΠ.
838 489 946 544 Sermo
964 492 1006 546 29.

313 665 431 728 Paulus
455 665 613 748 apostolus
640 667 832 730 contestatur
863 664 983 727 dieens:
1015 663 1080 727 alii
1112 663 1218 726 datur
1249 679 1368 726 sermo
1399 679 1454 726 sa-

313 767 497 852 pientiae,
521 769 585 833 alii
607 787 727 833 sermo
750 768 947 848 scientiae,
971 767 1035 831 alii
1058 767 1154 831 fides
1177 768 1213 832 in
1237 767 1364 830 eodem
1380 766 1454 849 spi-

313 871 400 936 ritu.
457 873 547 936 haee
578 877 702 936 autem
734 872 857 937 omnia
886 874 1062 954 operatur
1091 889 1186 936 nnus
1216 875 1328 953 atque
1357 869 1455 934 idem

314 975 473 1059 spiritus
497 976 669 1040 diuidens
693 976 869 1060 singulis,
891 979 1004 1058 prout
1026 975 1119 1040 uult.
1210 967 1215 978 '

277 1105 290 1144 a
359 1078 418 1146 Sed
441 1080 516 1145 dieit
537 1081 671 1145 fortasse
693 1081 751 1145 hoe
769 1081 837 1144 loeo
854 1080 979 1162 aliquis:
1004 1080 1030 1144 si
1046 1080 1091 1143 eis
1107 1083 1230 1144 tantum
1246 1078 1358 1143 diuidit
1372 1078 1454 1142 dona

316 1201 373 1248 sua
396 1183 535 1266 spiritus,
563 1184 675 1267 quibus
699 1185 778 1265 uult,
806 1201 879 1267 ergo
903 1187 988 1248 extra
1010 1184 1136 1267 eulpam
1159 1186 1216 1264 est,
1243 1184 1380 1265 quinon
1403 1200 1455 1246 ae·

315 1287 389 1371 eipit
412 1288 539 1369 donum,
570 1289 644 1370 quia
666 1288 776 1353 diuisio
798 1288 969 1372 gratiarum
993 1305 1055 1353 non
1078 1307 1115 1352 ex
1137 1287 1316 1370 aeoipientis
1338 1287 1456 1369 pendet

315 1397 398 1473 noto,
429 1392 484 1456 sed
508 1411 544 1456 er
567 1393 695 1458 arbitrio
718 1392 893 1457 diuidentis.
939 1411 1050 1457 uerum
1073 1395 1131 1472 est,
1162 1391 1367 1472 dilectissimi,
1398 1391 1454 1455 sed

316 1497 360 1560 ita
382 1499 488 1560 tamen
512 1515 622 1561 uerum
646 1500 704 1578 est,
727 1501 763 1562 ut
784 1497 843 1562 hoo
863 1497 901 1560 de
916 1496 1083 1561 uirtutibus
1099 1500 1233 1577 tantum,
1256 1514 1319 1561 non
1333 1496 1373 1559 de
1388 1496 1455 1560 uita

264 1627 289 1666 ιο
314 1600 542 1684 intellegamus.
599 1601 730 1666 uirtutes
761 1603 844 1666 enim
874 1619 936 1666 non
966 1619 1075 1666 omnes
1104 1618 1271 1684 possumus
1302 1599 1454 1680 obtinere,

314 1704 437 1769 etiamsi
467 1705 616 1785 uelimus
651 1705 750 1769 uitam
769 1708 886 1770 tamen
922 1722 1030 1769 omnes
1064 1723 1232 1787 possumus
1266 1721 1391 1788 capere,
1426 1704 1456 1767 si

317 1826 503 1890 quaeramus
526 1808 698 1873 seeundum
721 1809 812 1873 illud:
844 1809 964 1873 omnis
991 1810 1102 1890 enim,
1133 1810 1195 1892 qui
1218 1809 1328 1892 petit,
1360 1808 1455 1872 aoei-

313 1912 369 1994 pit
399 1916 449 1992 et,
479 1912 541 1994 qui
572 1912 731 1994 quaerit,
762 1913 917 1977 inuenit.
963 1913 1073 1977 diuisio
1104 1929 1177 1997 ergo
1208 1911 1392 1978 sublimium
1421 1914 1456 1976 et

315 2016 533 2080 excellentium
548 2017 719 2101 gratiarum
735 2016 775 2080 ad
791 2017 954 2081 arbitrium
971 2020 1002 2081 et
1017 2017 1056 2082 ad
1072 2017 1337 2101 dispensationem
1353 2017 1456 2080 saneti

265 2147 289 2186 15
316 2119 443 2200 spiritus
466 2121 611 2203 pertinet,
634 2121 830 2185 conuersatio
852 2121 935 2186 uitae
958 2120 1058 2186 bonae
1082 2121 1121 2185 ad
1143 2121 1236 2185 tidem
1259 2121 1395 2186 hominis
1417 2137 1456 2183 ae

314 2223 463 2288 laborem.
510 2225 612 2288 omnis
640 2225 735 2306 enim,
766 2225 819 2306 qni
840 2225 929 2308 petit,
961 2225 1137 2308 accipitet,
1168 2225 1221 2307 qui
1244 2225 1375 2306 quaerit,
1405 2224 1455 2287 in·

314 2327 410 2391 uenit.
456 2331 545 2410 petat
573 2332 694 2393 tantum
726 2329 837 2412 aliquis
868 2333 933 2394 toto
964 2328 1054 2392 eorde
1086 2333 1117 2394 et
1146 2333 1289 2412 quaerat:
1321 2329 1374 2411 qui
1397 2327 1455 2392 tibi

314 2431 406 2495 iussit
429 2449 586 2514 quaerere,
610 2433 676 2496 sine
700 2433 792 2497 dubio
814 2437 963 2516 praestat,
986 2437 1022 2497 ut
1044 2433 1149 2497 ualeas
1173 2433 1323 2498 inuenire.
1363 2451 1456 2496 num-

314 2536 488 2618 quidenim
506 2537 656 2602 ment'tur
679 2555 781 2601 sermo
805 2537 951 2602 diuinus?
989 2537 1154 2620 pulsate,
1177 2537 1330 2619 inquito
1373 2554 1455 2619 ape-

263 2669 289 2708 so
314 2641 433 2705 rietur
463 2640 579 2706 uobis.
625 2641 758 2724 utquid
780 2641 905 2725 pulsare
929 2659 985 2706 nos
1008 2641 1174 2724 praecepit,
1207 2641 1267 2706 nisi
1289 2641 1363 2723 quia
1384 2639 1454 2703 uult

315 2744 434 2828 aperire
457 2745 676 2827 pulsantibus?
710 2746 742 2810 in
762 2746 904 2810 homines
927 2745 1011 2828 ipsos
1027 2745 1104 2810 haee
1118 2745 1265 2828 iniquitas
1281 2763 1343 2809 non
1360 2743 1454 2824 eadit,

316 2852 353 2912 ut
375 2867 408 2912 se
432 2849 508 2913 uelit
529 2850 642 2933 rogeri,
673 2849 727 2931 qui
750 2849 827 2914 nolit
849 2867 995 2914 annuere.
1041 2850 1141 2914 omnis
1166 2849 1259 2929 enim,
1289 2849 1343 2930 qui
1364 2865 1454 2931 prae-

315 2952 418 3016 standi
448 2969 510 3017 non
541 2952 637 3017 habet
667 2957 785 3034 uotum,
816 2954 952 3037 petentis
974 2954 1090 3038 refugit
1111 2953 1313 3035 postulatum.
1360 2970 1453 3016 nemo

315 3059 373 3135 est,
405 3055 458 3138 qui
488 3076 521 3120 ss
552 3057 655 3141 rogeri
684 3058 772 3138 uelit,
802 3058 862 3122 nisi
893 3058 946 3141 qui
969 3061 1040 3122 ante
1064 3057 1146 3140 opud
1169 3077 1202 3121 se
1225 3056 1386 3136 deliberat,
1418 3059 1453 3120 ut

262 3187 288 3227 2⁵
314 3163 461 3244 praestet.
508 3179 581 3245 ergo
611 3161 698 3243 deus,
729 3162 783 3245 qui
806 3162 951 3227 omnibus
975 3163 1044 3226 uult
1067 3161 1212 3242 tribuere,
1244 3161 1283 3226 ab
1306 3160 1452 3224 omnibus

314 3264 384 3328 uult
405 3266 509 3349 rogari
531 3265 650 3330 dieens:
681 3267 800 3350 petite
831 3271 867 3332 et
896 3266 1045 3332 debitor
1068 3265 1193 3346 nobie,
1224 3265 1392 3347 quaerite
1416 3269 1454 3328 et

313 3368 528 3433 inuenietis.

358 3471 418 3537 Sed
441 3473 541 3537 dioere
557 3474 688 3539 forsitan
704 3479 808 3558 potest
825 3475 950 3557 ediquis:
974 3475 1001 3538 si
1016 3475 1129 3556 omnis,
1152 3473 1204 3556 qui
1218 3475 1307 3558 petit,
1330 3473 1452 3556 aeeipit,

315 3594 388 3660 ergo
418 3577 522 3656 etiam,
553 3577 580 3640 si
610 3578 742 3643 uirtutes
772 3583 926 3662 petamus,
958 3579 1154 3662 aooipismus.
1201 3597 1256 3642 our
1283 3577 1366 3642 enim
1389 3595 1452 3641 non

263 3705 288 3744 eo
316 3681 411 3744 etiam
435 3681 566 3745 uirtutes
589 3685 743 3764 petamus,
768 3683 794 3746 si
817 3684 921 3749 omnio
942 3701 1110 3768 possumus
1131 3683 1280 3765 accipere,
1303 3699 1382 3765 quae
1397 3699 1453 3762 pe-

314 3785 476 3849 tierimus?
526 3803 588 3850 non
618 3786 663 3851 ita
693 3789 749 3868 est,
781 3787 982 3853 dilectissimi.
1029 3787 1200 3871 superbum
1231 3790 1279 3851 est
1309 3787 1391 3850 enim
1421 3789 1453 3850 et

418 3973 445 4042 1]
465 3977 479 4030 l
499 3975 557 4031 Gor.
573 3977 613 4040 12,
625 3977 650 4031 8.
717 3975 761 4046 12]
780 3975 876 4030 Maron.
890 3979 914 4041 7,
927 3979 951 4033 8.
970 3975 1033 4031 Lue.
1048 3980 1088 4040 11,
1104 3981 1143 4034 10,
1216 3975 1260 4045 19]
1279 3973 1375 4030 Motth.
1389 3977 1449 4040 11.

314 4057 377 4113 Luo.
393 4061 432 4126 11,
445 4063 469 4116 9.
524 4061 567 4130 26]
586 4061 683 4117 Motth.
697 4065 721 4126 7,
735 4065 759 4118 7.
778 4061 841 4118 Luo.
857 4065 897 4128 11,
910 4066 934 4119 9.

358 4251 390 4304 12
417 4265 558 4317 queramus
584 4252 612 4307 R
683 4255 715 4309 13
742 4252 831 4322 querit
856 4255 883 4310 R
955 4257 988 4309 14
1015 4251 1155 4308 arbitrium
1183 4254 1211 4310 a
1236 4253 1305 4320 (rum
1332 4256 1363 4309 in
1383 4255 1450 4320 roo.)

316 4337 348 4391 lo
366 4335 454 4403 querit
471 4337 498 4392 R
552 4340 582 4393 lu
602 4337 697 4408 aliquis
715 4340 743 4396 R
759 4341 791 4395 o'n
806 4357 860 4395 ros.
919 4343 953 4396 22
972 4339 1057 4395 uelint
1074 4342 1138 4396 Mai
1195 4340 1266 4408 qnod
1285 4340 1372 4396 nolint
1388 4341 1450 4396 Mod

314 4424 348 4478 29
366 4438 435 4490 quur
452 4423 479 4478 R
496 4425 538 4490 (in
556 4441 639 4494 marp.
660 4427 717 4493 eur)
