3264 5134
277 435 321 499 46
741 438 827 493 Inna
845 439 954 508 gratia

277 609 380 676 tione
403 613 621 696 rapiuntur?
660 615 856 702 serpentinae
884 616 1001 680 fraudis
1029 617 1139 682 estad
1163 617 1342 683 tenebrosas
1365 637 1417 682 ca·

278 733 390 780 ueruas
414 717 523 782 relicta
544 719 613 782 luce
629 719 836 804 transfugere,
860 739 930 784 cum
947 741 1002 804 per
1018 722 1123 786 omnia
1137 723 1297 787 uolumina
1312 741 1417 788 sacrae

277 819 402 886 litterae
430 823 591 888 euidenter
617 823 750 888 liberum
777 825 946 907 loquantur
972 825 1146 892 arbitrium.
1185 827 1259 910 quid
1288 827 1418 892 rationis

279 927 336 1006 est,
360 930 395 992 ut
417 927 608 1013 interrogare
631 930 710 994 uelis
734 930 865 1011 occulta,
889 948 960 994 cum
984 932 1184 996 sollicitudini
1206 935 1278 997 tuae
1301 932 1418 1016 plenis-

238 1055 250 1094 ε
279 1030 357 1096 aima
388 1033 495 1098 uideas
528 1035 715 1116 respondere
748 1035 936 1100 manifesta?
975 1037 1050 1118 quid
1080 1035 1225 1102 utilitatis
1257 1041 1305 1102 est
1333 1039 1418 1101 certa

279 1135 423 1201 omittere
446 1142 478 1202 et
500 1138 619 1204 incerta
641 1141 812 1220 consulere,
836 1140 873 1204 de
897 1141 1010 1223 quibus
1034 1141 1113 1206 nihil
1128 1142 1251 1206 iuuenis
1267 1141 1419 1206 catholica

278 1240 410 1305 lectione
426 1243 659 1326 conscriptum?
697 1262 759 1309 non
782 1245 948 1329 intellegis,
965 1246 1047 1328 quod
1067 1246 1099 1310 in
1116 1245 1257 1310 ueritatis
1272 1245 1418 1310 iniuriam

278 1347 497 1428 perscrutaris,
529 1347 677 1430 quidquid
707 1350 824 1414 ueritas
855 1350 934 1413 scire
952 1353 995 1414 te
1026 1351 1147 1414 noluit?
1186 1351 1350 1416 materiam
1381 1350 1418 1413 de

278 1449 370 1514 liberi
399 1449 519 1516 arbitrii
549 1452 668 1516 ratione
698 1455 844 1536 proponis
876 1457 908 1518 et
939 1453 978 1518 ad
1008 1455 1237 1519 discutiendum
1267 1455 1418 1519 infantiae

227 1573 253 1614 ro
280 1558 397 1619 statum
420 1556 591 1639 pernicioso
615 1574 717 1621 errore
733 1551 896 1639 delaberis,
919 1559 1028 1641 inquo
1045 1559 1168 1624 nullum
1182 1560 1307 1643 penitus
1322 1559 1419 1624 uesti-

278 1659 365 1742 gium
387 1659 477 1724 liberi
501 1659 632 1742 arbitrii,
656 1662 779 1726 nullum
801 1681 950 1746 apparere
973 1667 1076 1746 potest
1091 1663 1232 1746 propriae
1248 1663 1418 1729 uoluntatis

279 1763 438 1828 iudicium.

797 1906 903 1971 XIIII.

281 2046 404 2088 CONTRA
427 2047 497 2106 noa,
526 2048 612 2097 QUOD
636 2051 753 2091 nicona·
775 2050 844 2108 BOS,
873 2051 926 2098 QUI
953 2049 1030 2092 Posn
1057 2051 1236 2092 aar'manun
1265 2051 1418 2108 Pennana,

502 2135 535 2176 IN
557 2135 736 2178 BAPTISMUM
759 2137 890 2178 Pramnos
913 2138 974 2180 Non
998 2137 1192 2179 cnnnrmssn.

227 2093 254 2135 16

323 2271 391 2335 Hoc
418 2271 485 2334 loco
511 2272 761 2354 respondendum
790 2275 847 2354 est,
880 2274 912 2336 in
939 2289 1000 2354 quo
1028 2275 1151 2337 auctore
1179 2273 1237 2338 hoc
1263 2273 1353 2356 legis,
1380 2272 1419 2336 de

280 2393 339 2458 quo
363 2375 486 2440 doctme
507 2375 566 2440 hoc
582 2393 720 2442 asserere
735 2377 920 2460 praesumis.
952 2380 1070 2441 etcum
1085 2377 1117 2441 in
1132 2377 1288 2461 baptismo
1304 2377 1420 2441 aboleri

269 2483 443 2562 'peccatum
466 2479 616 2564 originale
638 2498 700 2545 non
723 2481 858 2565 deneges
882 2485 914 2546 et
936 2480 1060 2546 firmum
1083 2501 1152 2560 esse
1167 2481 1324 2564 baptisma
1346 2498 1420 2546 con-

226 2617 254 2660 ,ο
280 2584 438 2666 probetur,
455 2583 510 2649 uhi
525 2585 660 2650 indiuisa
674 2584 797 2650 trinitas
810 2586 982 2666 inuocatur,
999 2585 1039 2650 da
1054 2603 1174 2666 causas,
1190 2585 1301 2668 quihus
1317 2585 1420 2667 bapti-

280 2693 367 2754 zatus
390 2681 492 2754 adhuc
514 2689 597 2754 intra
619 2689 760 2754 debitum
786 2691 934 2774 originale
962 2691 1120 2755 consistat.
1155 2693 1187 2754 et
1212 2691 1280 2774 ipsi,
1307 2689 1419 2772 inquis,

280 2793 312 2858 in
334 2793 438 2858 Adam
460 2797 601 2876 pereunt,
625 2794 697 2877 quia
718 2795 752 2858 in
774 2795 967 2877 baptismum
991 2813 1052 2860 non
1075 2795 1282 2860 crediderunt.
1316 2812 1419 2859 nonne

280 2903 315 2963 tu
337 2899 430 2982 paulo
453 2903 525 2964 ante
549 2898 674 2964 dicebas
697 2899 737 2962 ad
760 2899 951 2982 capessenda
974 2899 1023 2964 dei
1046 2899 1127 2964 dona
1154 2899 1293 2964 studium
1319 2899 1420 2963 homi·

281 3003 330 3067 nis
362 3021 424 3067 non
450 3004 586 3085 requiri?
624 3021 694 3067 ecce
725 3007 760 3068 tu
790 3004 855 3086 ipse
886 3004 1139 3068 manifestissime
1168 3003 1321 3086 profiteris
1352 3003 1419 3068 sine

228 3137 254 3178 2⁵
281 3108 461 3189 accipientis
484 3108 645 3172 deuotione
667 3108 790 3172 irritam
813 3128 880 3173 esse
904 3109 1148 3174 munificentiam
1171 3109 1341 3192 largientis.
1373 3112 1420 3188 tu,

281 3212 419 3294 inquam,
447 3211 512 3294 ipse
540 3211 704 3276 confirmas
733 3212 800 3276 sine
827 3213 936 3277 merito
966 3212 1047 3294 fidei,
1078 3213 1109 3277 id
1139 3217 1186 3278 est
1217 3214 1284 3278 sine
1310 3229 1420 3295 coope-

281 3316 401 3382 ratione
429 3316 600 3380 uoluntatis
626 3316 782 3380 humanae
805 3316 940 3400 gratiam
963 3319 1007 3382 nil
1028 3318 1176 3400 prodesse
1199 3321 1243 3398 et,
1267 3317 1420 3400 quomodo

282 3421 373 3502 dicis,
404 3423 505 3485 totum
535 3421 610 3486 deus
642 3419 701 3484 sibi
730 3420 768 3484 de
798 3425 882 3486 statu
913 3421 1049 3486 hominis
1079 3421 1252 3487 reseruauit
1282 3424 1313 3485 et
1342 3419 1420 3486 nihil

282 3525 402 3591 homini
425 3525 518 3589 dedit.

229 3657 257 3699 ao
327 3630 406 3694 Ecce
430 3629 525 3694 etiam
549 3628 720 3694 secundum
743 3629 932 3694 sententiam
959 3633 1046 3695 tuam
1073 3650 1131 3696 nec
1158 3631 1260 3714 ipsum
1288 3629 1345 3696 sihi
1372 3650 1420 3695 re·

282 3735 488 3820 generationis
510 3736 613 3816 potest
634 3737 776 3798 constare
799 3735 993 3818 mysterium,
1020 3736 1081 3800 nisi
1103 3736 1194 3800 homo
1217 3736 1303 3800 iuxta
1324 3735 1421 3800 bano-

282 3839 423 3904 dictionis
456 3838 573 3903 donum
607 3836 784 3914 adhibuerit
816 3839 1007 3904 credulitatis
1039 3839 1197 3905 affectum.
1242 3841 1293 3904 cui
1322 3857 1419 3924 negas

282 3947 439 4026 conatum,
468 3943 542 4026 quid
572 3942 611 4008 ab
639 3943 692 4008 illo
719 3943 850 4026 requiris
882 3943 1074 4010 adsensum?
1111 3963 1184 4010 cum
1214 3948 1321 4010 autem
1350 3961 1421 4028 pro-

327 4175 355 4246 2]
374 4175 536 4246 transfugire
549 4175 577 4232 P
627 4175 733 4232 tuellis
746 4177 774 4232 P
824 4175 987 4232 solicitudini
1001 4179 1028 4232 P
1078 4177 1243 4234 deonaolara
1256 4177 1284 4233 P
1333 4176 1419 4233 odis-

283 4261 442 4318 cuciandum
461 4265 489 4318 P
552 4267 583 4320 10
602 4264 745 4334 pernitioso
764 4265 792 4318 P
854 4263 1014 4322 dilabariso
1082 4267 1117 4322 20
1136 4265 1169 4320 da
1188 4268 1215 4321 P
1283 4265 1317 4321 23
1336 4265 1421 4334 capis-

283 4375 367 4431 cenda
385 4378 413 4431 P
463 4379 496 4434 27
516 4375 617 4434 nihilo
668 4380 702 4433 30
721 4343 805 4446 ipsbm
823 4377 851 4432 P
902 4381 934 4435 31
953 4377 1150 4433 benedictiones
1169 4381 1208 4436 P¹
