3268 5142
634 483 701 538 ΠΗ.
720 483 829 536 Sermo
848 487 888 540 25.
1268 486 1331 552 325

194 660 263 722 stus
286 658 445 741 excipitur,
476 659 558 723 siout
586 659 653 741 ipse
680 658 767 722 dixit:
799 657 933 742 hospes
957 659 1011 724 sui
1042 664 1078 724 et
1107 663 1329 744 suscepistis

192 777 259 840 me,
291 764 335 828 et:
366 761 540 843 quamdiu
571 762 719 826 fecistis
751 763 812 826 nni
843 782 884 826 ex
914 763 1076 828 minimis
1106 764 1208 845 istie,
1240 766 1329 829 mihi

191 863 365 930 fecistis?
409 867 599 931 laboriosum
624 869 654 930 et
677 867 872 931 fastidiosum
900 868 988 932 nobis
1012 871 1060 932 est
1086 869 1118 932 in
1140 869 1329 952 pauperibus

190 969 331 1052 recipere
348 969 507 1035 Christum
530 971 563 1034 in
585 971 687 1054 patria
710 973 825 1052 nostra,
850 972 955 1052 timeo,
978 992 1017 1036 ne
1040 972 1092 1036 ille
1115 973 1204 1037 nobis
1228 973 1330 1038 uicem

190 1074 312 1154 reddat,
341 1095 379 1138 ne
403 1093 466 1140 non
487 1075 617 1158 resipiat
640 1093 696 1140 nos
719 1076 750 1140 in
773 1075 966 1142 beatitudine
989 1095 1055 1141 sua.
1101 1079 1328 1143 contemnimus
1354 1107 1368 1146 e

189 1179 333 1242 illumin
354 1179 480 1260 mundo,
504 1180 609 1261 timeo,
633 1200 673 1244 ne
696 1198 752 1244 nos
775 1180 827 1246 ille
849 1181 964 1246 iterum
987 1185 1167 1246 contemnat
1188 1183 1219 1246 in
1243 1183 1327 1248 eaelo

189 1283 365 1347 seeundum
388 1285 474 1364 illud,
503 1283 583 1366 qnod
610 1284 677 1368 ipse
700 1285 788 1350 dixit:
817 1285 957 1350 esuriui
985 1287 1086 1350 enirn
1114 1289 1150 1350 et
1176 1303 1246 1350 non
1270 1287 1327 1350 de-

188 1387 302 1452 distis
333 1389 423 1452 mihi
453 1389 675 1454 manduoare
706 1393 741 1454 et
770 1389 905 1473 hospes
933 1390 985 1454 lui
1014 1393 1049 1454 et
1070 1408 1140 1455 non
1164 1392 1326 1474 suscepi-

187 1492 259 1556 stis
283 1511 348 1572 me,
372 1497 416 1558 et:
440 1493 618 1575 quamdiu
641 1511 711 1558 non
728 1494 877 1559 feoistie
900 1494 964 1558 uni
987 1513 1027 1558 ex
1043 1493 1207 1558 minimis
1230 1495 1325 1576 istis,

187 1615 258 1660 neo
280 1596 372 1662 mihi
395 1597 552 1662 lecistis.
596 1601 628 1662 et
650 1598 732 1680 quod
754 1602 863 1681 postea
886 1599 1035 1681 sequitur,
1058 1599 1180 1680 fratres,
1203 1602 1326 1664 auertat
1352 1625 1378 1667 xo

185 1699 249 1765 hoo
272 1701 347 1766 dens
370 1702 510 1784 anobis,
534 1702 592 1767 hoo
615 1703 697 1766 enim
720 1707 829 1786 postea
850 1703 967 1768 addidit
987 1703 1106 1768 dicens:
1130 1704 1324 1785 discedite,

184 1805 300 1886 inquit,
323 1823 342 1869 a
364 1824 419 1870 me
442 1805 634 1871 maledieti
656 1807 692 1870 in
715 1807 837 1891 ignem
860 1811 1065 1888 aeternnm,
1089 1807 1150 1890 qui
1169 1811 1323 1890 paratus

184 1911 246 1972 est
268 1907 415 1974 diabolo
438 1912 474 1974 et
496 1910 644 1994 angelis
667 1910 756 1975 eins.

231 2012 319 2077 Haeo
342 2031 425 2098 ergo,
456 2013 568 2078 danes
592 2014 752 2096 carissimi,
782 2032 844 2079 non
868 2015 1044 2080 transitorio
1071 2033 1129 2080 neo
1157 2015 1230 2080 solis
1256 2034 1323 2080 oor·

182 2117 291 2200 porois
316 2115 441 2186 auribus
465 2118 639 2200 sufflamus,
663 2118 718 2182 sed
740 2117 871 2183 fideliter
893 2119 1053 2184 audientes
1078 2119 1183 2201 etiarn,
1213 2122 1248 2184 ut
1271 2119 1323 2184 alii
1350 2148 1375 2189 ιε
1488 2207 1494 2219 ¹

182 2224 317 2286 teneant
340 2225 372 2286 et
393 2222 554 2306 impleant,
578 2221 672 2288 uerbo
695 2223 812 2307 pariter
835 2226 866 2288 et
887 2223 1027 2307 exemplo
1051 2224 1226 2289 dooeamns.
1251 2224 1322 2305 quid

183 2344 260 2410 ergo
290 2329 361 2410 post
393 2327 470 2391 haee
501 2327 577 2392 dixit
603 2327 746 2392 dominus
777 2346 831 2411 per
859 2328 1066 2411 prophetam?
1111 2329 1141 2393 si
1172 2328 1320 2410 uideris,

181 2430 295 2512 inquit,
320 2431 466 2512 nudum,
495 2432 597 2515 operi
621 2451 711 2496 eum.
758 2450 814 2516 ego
841 2432 873 2496 in
896 2432 954 2496 hae
977 2432 1134 2498 sententia
1160 2433 1319 2498 neminem

181 2534 296 2615 iudico,
327 2536 540 2618 unusquisque
571 2535 712 2600 attendat
739 2535 961 2600 oonsoientiarn
989 2555 1088 2600 suam.
1134 2555 1185 2600 me
1213 2539 1319 2601 tamen

181 2657 281 2722 arguo
305 2642 336 2703 et
358 2639 559 2722 reprehendo,
590 2640 663 2722 qnia
685 2641 764 2706 forte
792 2639 956 2723 aliquoties
984 2641 1097 2720 euenit,
1128 2643 1162 2705 ut
1183 2659 1238 2722 per
1265 2660 1320 2704 ne·
1346 2669 1372 2710 so

180 2743 377 2828 glegentiam
399 2743 652 2808 uestimentioula
675 2763 754 2826 mea,
783 2763 862 2827 quae
885 2742 1049 2808 debuerint
1076 2745 1215 2828 aooipere
1242 2763 1319 2829 pau-

180 2866 284 2931 peres,
309 2847 532 2912 deuorarentur
554 2866 573 2912 a
595 2849 698 2913 tineis.
734 2851 766 2914 et
788 2849 893 2930 timeo,
917 2867 956 2912 ne
979 2848 1056 2912 mihi
1079 2848 1139 2931 ipsi
1160 2849 1257 2932 panni
1280 2849 1317 2914 ad

179 2951 398 3016 testimonium
421 2951 618 3034 proferantur
647 2953 679 3016 in
709 2953 758 3016 die
789 2953 893 3016 iudicii
923 2951 1094 3016 seeundum
1121 2953 1207 3035 illud,
1238 2954 1319 3036 quod

179 3055 316 3120 Iacobus
350 3057 510 3140 apostolus
540 3055 719 3122 terribiliter
750 3057 889 3140 increpat
919 3056 1042 3121 dioens:
1078 3057 1175 3142 agite
1207 3077 1317 3138 nuno,

179 3159 294 3242 inquit,
325 3160 473 3242 diniteS,
503 3161 646 3244 plorate
669 3161 859 3225 ululantes
882 3161 917 3226 in
942 3161 1114 3243 miseriis,
1144 3179 1236 3244 quae
1259 3162 1318 3226 ed·
1344 3188 1370 3228 ss

178 3264 338 3328 uenient
366 3263 482 3329 uobis.
529 3265 683 3330 diuitiae
713 3269 861 3330 uestrae
891 3265 1128 3347 putrefactae
1162 3271 1249 3330 sunt
1282 3270 1317 3332 et

178 3368 414 3434 uestimenta
443 3373 571 3435 uestra
601 3388 620 3434 a
645 3369 761 3435 tineis
792 3375 956 3436 comesta
986 3375 1077 3436 sunt.
1123 3389 1251 3435 aurum
1281 3375 1317 3436 et

178 3476 378 3556 argentum
402 3477 570 3539 uestrum
594 3475 836 3559 aeruginauit
858 3478 893 3540 et
907 3493 1044 3560 aerugo
1067 3493 1191 3541 eornm
1214 3477 1249 3540 in
1265 3479 1315 3542 te·

286 3681 530 3750 nereensem.
583 3681 828 3752 ernianoque.
880 3681 1018 3752 aquaem.
1032 3684 1128 3748 nsua
1176 3682 1313 3752 equesen.

175 3769 277 3834 nans
332 3767 376 3838 ιι]
395 3768 599 3834 noeaoeane.
656 3769 699 3839 ιτ]
718 3769 878 3834 aenean.
932 3769 978 3839 an]
997 3769 1049 3824 ras.
1063 3773 1087 3836 5,
1102 3773 1176 3826 1-5.

219 3967 339 4022 2miohi
357 3968 386 4022 P
436 3968 514 4038 5ne]
538 3971 565 4022 et
582 3969 653 4040 Auq.
710 3967 904 4022 beatitudinem
927 3984 1002 4022 snam
1025 3969 1095 4039 Auy.
1150 3971 1313 4039 contempni-

174 4069 239 4108 mus
257 4055 286 4109 P
335 4055 471 4110 omnndo
488 4073 521 4112 ea
538 4055 669 4110 mnndum
688 4057 715 4110 P
771 4058 942 4125 contempnat
960 4057 987 4110 P
1048 4055 1151 4110 lenim
1170 4074 1222 4112 ooo.
1240 4058 1312 4127 Auy.

174 4143 245 4198 Set
266 4148 329 4197 astte
350 4141 444 4211 hospes
467 4161 573 4199 mosum
596 4145 626 4198 tn
649 4144 677 4197 P
747 4146 779 4199 10
802 4142 882 4196 miehi
907 4143 934 4197 P
1004 4145 1033 4198 11
1062 4143 1123 4213 post
1148 4142 1214 4196 haee
1241 4146 1311 4215 Auq.

176 4255 210 4310 na
233 4253 327 4322 inquo
350 4255 384 4322 n,
406 4271 457 4310 em.
481 4257 551 4326 nep.
625 4258 656 4311 14
679 4221 795 4324 eorporis
818 4255 846 4310 P
865 4257 891 4322 (e
914 4273 985 4310 aaa.
1006 4256 1074 4324 aro),
1102 4256 1218 4325 eorporis
1239 4257 1311 4328 nup.

176 4343 210 4396 18
229 4339 323 4409 inquid
341 4341 369 4394 P
419 4343 453 4397 22
465 4342 511 4412 ad]
530 4343 558 4399 in
570 4343 641 4414 nep.
695 4341 876 4412 25inquidP
926 4343 1157 4401 tloomurestaP
1207 4345 1311 4406 280ru·

174 4425 282 4498 ginanit
299 4432 324 4486 et
342 4428 468 4496 erugo?
