3222 5144
318 455 383 522 242
768 458 833 514 1111.
852 458 962 512 Serme
980 462 1004 515 5.

315 631 428 712 benus,
451 632 504 714 qui
526 631 623 697 habes
638 631 731 698 bena.
755 633 856 699 bonae
871 637 945 699 sunt
967 633 1106 714 diuitiae,
1129 633 1247 698 benum
1270 635 1320 698 est
1335 650 1453 712 amum,

315 737 434 802 benum
450 740 482 802 et
497 741 673 821 argentum,
697 738 796 803 bonae
812 740 959 820 familiae,
981 739 1079 804 benee
1095 739 1319 822 possessiones.
1352 739 1454 802 emnia

316 842 377 906 ista
399 840 482 907 bona
503 846 592 924 sunt,
620 844 674 908 sed
702 845 783 908 unde
811 843 908 908 faeias
935 844 1023 908 bene.
1057 844 1171 908 habete
1199 843 1290 924 bona,
1318 861 1396 924 quae
1422 847 1453 906 te

316 947 436 1011 faciunt
451 947 578 1030 benum,
595 966 674 1031 quae
691 953 723 1014 te
737 948 859 1014 faciunt
875 949 1003 1014 malum.
1039 952 1218 1031 quaesunt,
1239 947 1352 1029 inquis,
1373 948 1453 1011 ista?

277 1079 289 1116 e
315 1051 364 1116 fae
376 1051 526 1116 iudicium
539 1056 571 1116 et
585 1053 747 1118 iustitiam.
764 1052 846 1117 bone
859 1057 942 1133 sunt,
958 1071 1036 1136 quae
1052 1053 1159 1118 habes.
1177 1056 1244 1118 este
1256 1057 1289 1116 et
1303 1056 1339 1117 tu
1355 1051 1453 1116 bonus

315 1156 397 1220 inter
412 1155 495 1220 bena
509 1159 572 1220 tua.
605 1156 753 1222 erubesce
769 1157 859 1222 benis
883 1157 957 1238 tuis,
981 1156 1043 1222 noli
1067 1175 1135 1222 esse
1158 1157 1260 1221 malus
1283 1157 1316 1220 in
1339 1157 1393 1236 eis,
1415 1174 1452 1218 ne

315 1279 425 1342 pereas
449 1278 521 1324 eum
544 1261 598 1325 eis.
631 1261 677 1326 ita
699 1279 772 1344 erge
795 1280 907 1326 aurum
931 1266 963 1326 et
985 1267 1149 1345 argentum
1173 1260 1333 1326 distribuit
1356 1259 1453 1325 hemi·

315 1364 407 1428 nibus
435 1365 575 1430 eonditor
602 1383 707 1430 rerum
735 1370 765 1429 et
788 1365 1022 1430 administrator
1044 1365 1131 1446 deus,
1159 1369 1195 1430 ut
1217 1365 1322 1448 ipsum
1344 1383 1398 1447 per
1420 1382 1452 1427 se

315 1473 426 1533 nature
453 1473 484 1532 et
509 1487 624 1553 genere
647 1487 702 1534 suo
726 1470 843 1534 benum
867 1471 917 1550 sit,
945 1471 1034 1552 eopia
1056 1487 1130 1534 uere
1154 1470 1219 1533 eius
1243 1487 1305 1534 nen
1328 1469 1453 1533 extollat

265 1600 290 1638 m
315 1573 412 1638 bones
429 1591 486 1638 nee
502 1573 597 1638 elidat
615 1574 727 1657 inopia.
766 1575 865 1638 malos
882 1578 997 1654 autem,
1021 1593 1093 1639 eum
1116 1573 1245 1638 effertur
1268 1573 1324 1654 eis,
1348 1590 1452 1636 exeae-

315 1685 367 1742 eat
389 1681 430 1759 et,
454 1696 525 1742 eum
548 1678 698 1758 aufertur,
722 1679 887 1759 exerueiat,
915 1679 986 1760 quia
1010 1683 1051 1760 et,
1080 1697 1151 1742 eum
1175 1678 1379 1760 adquiruntur
1400 1695 1451 1759 pe-

316 1783 435 1864 cuniae,
466 1782 580 1848 falsam
604 1782 746 1848 tribuunt
775 1783 926 1847 laetitiam
957 1787 999 1862 et,
1030 1801 1102 1846 eum
1132 1782 1316 1865 perduntur,
1347 1799 1451 1846 ueram

316 1886 478 1952 tristitiam
501 1887 728 1969 derelinquunt.

359 1991 527 2056 Diseamus
556 2008 629 2075 ergo
657 2009 761 2056 amare
789 2009 880 2056 uerus
908 1991 1050 2071 diuitias,
1081 1991 1113 2056 id
1141 1995 1189 2055 est
1215 1991 1392 2055 castitatem
1423 1993 1453 2052 et

265 2121 290 2162 ιι
316 2095 468 2160 iustitiam
499 2098 530 2160 et
559 2113 669 2177 pacem
692 2099 724 2159 et
754 2095 1009 2160 miserieardiam.
1044 2096 1123 2160 istae
1154 2095 1281 2160 diuitiae
1311 2094 1451 2158 dieuntur

317 2200 427 2278 iustae,
455 2199 527 2280 quia
549 2197 639 2264 benis
663 2201 781 2264 meritis
804 2200 957 2282 iustisque
981 2199 1170 2280 tribuuntur,
1198 2199 1269 2264 illae
1292 2217 1385 2263 uerae
1406 2197 1451 2262 di·

317 2307 430 2368 euntur
453 2303 588 2384 diuitiae,
619 2304 701 2386 quia,
730 2305 860 2387 quisque
883 2323 936 2368 ees
959 2303 1114 2384 habuerit,
1144 2321 1206 2368 nen
1235 2303 1348 2387 egebit,
1379 2303 1450 2367 dum

316 2410 401 2472 iuxta
424 2409 600 2491 apostolum
631 2406 752 2472 habeus
774 2409 894 2473 dietum
925 2413 957 2473 et
978 2409 1203 2474 uestimentum
1226 2408 1263 2472 iis
1290 2411 1450 2472 contentus

317 2517 374 2578 est.
420 2513 496 2577 istas
520 2531 591 2595 erge
615 2513 741 2578 diuitias
768 2515 908 2578 terrenas
936 2513 1089 2578 iniustum
1112 2517 1160 2577 est
1186 2515 1296 2596 putare
1318 2511 1451 2590 diuitias,

265 2643 291 2683 so
317 2636 397 2701 quae
424 2635 486 2682 nen
509 2617 656 2682 autemut
678 2621 860 2702 egestatem.
906 2621 993 2682 tante
1017 2618 1102 2682 enim
1129 2617 1230 2700 magis
1254 2617 1385 2699 quisque
1407 2634 1453 2680 ar·

318 2723 404 2786 debit
433 2725 581 2806 egestate,
613 2725 729 2804 quante
760 2722 859 2806 magis
889 2723 1039 2786 auaritiae
1070 2739 1122 2786 eas
1150 2721 1282 2805 diligens
1313 2720 1453 2786 habuerit

318 2827 458 2891 maiores.
508 2827 661 2908 quomode
697 2844 769 2911 erge
805 2829 879 2891 sunt
914 2827 1056 2906 diuitiae,
1092 2825 1207 2908 quibus
1244 2823 1453 2890 ereseentibus

318 2931 429 2995 erescit
451 2931 564 3014 inopia,
588 2949 667 3013 quae
691 2930 883 2996 amatoribus
907 2931 983 3012 suis,
1006 2935 1158 3014 quantum
1181 2931 1298 2995 fuerint
1313 2931 1453 3007 maiores,

318 3052 379 3098 nen
410 3035 557 3099 adierunt
586 3035 782 3116 satietatem,
818 3036 872 3100 sed
906 3035 1105 3100 inflammant
1137 3035 1365 3118 cupiditatem?
1410 3034 1454 3098 di·

265 3163 291 3202 re
318 3139 416 3204 uitem
440 3143 475 3203 tu
496 3143 599 3223 putas,
628 3141 680 3222 qui
704 3141 807 3205 minus
831 3139 995 3224 indigeret,
1023 3140 1177 3204 siminus
1204 3139 1344 3213 haberet,
1373 3139 1453 3202 uude

318 3243 398 3307 bene
421 3243 497 3308 dixit
520 3244 662 3326 quidam:

340 3383 477 3446 ereseit
500 3401 600 3448 amer
623 3383 777 3464 nummi,
801 3387 981 3466 quantum
1004 3385 1085 3467 ipsa
1107 3383 1263 3467 pecunie
1287 3383 1432 3448 ereseit.

318 3538 391 3584 eum
413 3521 563 3604 pecuniae
587 3521 670 3585 enim
694 3521 885 3586 incremento
908 3521 1009 3586 rabies
1025 3521 1202 3606 cupiditatis
1219 3525 1358 3606 augetur.
1383 3540 1454 3586 nam

425 3693 467 3762 18]
490 3696 502 3750 l
523 3693 591 3748 Tim.
605 3695 630 3758 6,
643 3696 667 3750 8.
721 3693 767 3762 27]
786 3695 879 3748 quen.
895 3695 935 3758 14,
951 3696 1006 3750 139.

365 3858 465 3915 ibone
484 3861 513 3914 D
530 3861 630 3929 abique
681 3859 754 3928 det]
773 3863 814 3913 est
832 3861 902 3929 Aue.
961 3857 1073 3929 3bene]
1092 3875 1145 3914 non
1164 3875 1230 3928 quae
1248 3863 1274 3915 te
1293 3861 1393 3916 iaciant
1409 3861 1455 3915 bo-

319 3962 384 4000 uum
396 3947 460 4000 add.
474 3949 545 4017 day.
582 3945 674 4000 habito
687 3947 716 4000 D
754 3947 833 4014 ique
846 3947 999 4016 Dauoque
1011 3948 1068 4004 loeo
1103 3946 1306 4016 quae—maium
1319 3965 1370 4004 em.
1383 3949 1454 4019 Aaou.

319 4035 335 4088 6
354 4031 419 4100 tuis]
438 4035 494 4086 esto
512 4033 597 4087 bouus
617 4049 758 4088 mansurus
777 4033 848 4086 inter
865 4031 935 4086 bona
952 4034 1077 4102 peritura.
1097 4033 1220 4088 erubesee
1237 4033 1314 4089 bonis
1327 4035 1380 4089 tuis
1392 4035 1454 4090 add.

319 4120 390 4190 Aaq.
457 4120 585 4188 ageneri
607 4121 637 4174 D
701 4120 757 4174 eius
778 4121 860 4191 Aaou,
880 4120 896 4173 δ
914 4122 944 4175 D
1009 4123 1041 4176 10
1063 4120 1172 4176 offertur
1194 4123 1276 4192 Aua,
1298 4121 1406 4176 effertur
1427 4122 1455 4176 D

321 4235 351 4288 11
371 4234 476 4286 emeat
493 4233 523 4286 ι)
577 4235 608 4288 12
621 4199 766 4288 tribuite
817 4232 946 4288 letitiaD
1000 4237 1032 4290 15
1051 4234 1143 4289 aaa
1197 4237 1229 4290 ie
1246 4234 1357 4290 iustam
1407 4233 1454 4288 te-

318 4317 420 4374 buntur
446 4320 476 4374 D
546 4317 589 4372 ille
616 4335 677 4374 uere
703 4321 733 4376 D
807 4321 839 4377 18
866 4319 1017 4390 apostolom
1044 4323 1074 4376 D
1147 4321 1247 4376 habens
1273 4339 1408 4391 saapreeer.
1427 4322 1455 4376 D

318 4405 370 4460 hiis
390 4407 418 4461 D
471 4409 503 4462 21
523 4403 650 4460 auaritiae
664 4413 728 4476 poet
746 4409 863 4476 egestate
881 4408 958 4463 babet
974 4409 1045 4478 Aua.
1099 4410 1133 4464 23
1151 4407 1233 4462 suerit
1250 4409 1281 4464 D
