3268 5142
610 493 614 500 ’
641 501 708 555 1111.
726 501 835 555 Sermo
854 503 894 557 30.
1270 505 1331 574 341

198 674 288 756 aquis
319 691 453 758 agnosce
484 675 628 757 spiritum
659 680 811 741 sanctum.
858 695 951 760 super
981 696 1075 760 aquas
1105 681 1209 760 itaque
1237 679 1334 743 domi-

198 778 303 843 nantis
334 779 504 844 eminentia
526 779 683 844 ferebatur
705 781 769 845 iam
792 786 870 862 tum,
902 782 1002 863 credo,
1033 783 1181 866 baptismi
1204 801 1335 847 munera

197 881 421 967 praefigurans.
467 885 499 948 in
530 884 671 949 faciendo
701 903 822 968 quoque
852 886 978 951 homine
1006 906 1039 951 se
1063 905 1124 951 non
1147 887 1249 967 unius,
1280 889 1334 951 sed

197 987 294 1051 trium
316 1005 521 1071 personarum
544 1006 620 1072 opus
645 1008 713 1054 esse
736 990 930 1056 demonstrat
945 991 1028 1055 trina
1042 991 1184 1073 repetitio
1201 991 1332 1056 deitatis.

197 1093 242 1175 ita
264 1091 348 1156 enim
371 1092 521 1176 legimus:
553 1097 588 1157 et
618 1093 712 1158 dixit
742 1095 847 1158 deus:
877 1095 1058 1160 faciemus
1081 1095 1268 1159 hominem
1291 1096 1334 1172 ad
1374 1122 1387 1163 s

197 1196 399 1280 imaginem
424 1201 460 1261 et
482 1197 771 1262 similitudinem
794 1203 969 1264 nostram.
1003 1201 1130 1264 aduerte
1146 1199 1335 1263 sententiam

196 1301 230 1365 in
252 1301 460 1385 propositione
483 1301 668 1384 simplicem,
691 1303 723 1367 in
742 1303 943 1386 responsione
964 1304 1177 1387 multiplicem.
1214 1306 1245 1367 et
1259 1303 1336 1368 dixit

197 1405 289 1470 deus:
312 1405 465 1470 faciamus
488 1405 657 1496 hominem.
693 1407 768 1490 quid
790 1411 839 1472 est
860 1408 954 1489 aliud,
979 1409 1039 1472 nisi
1062 1409 1135 1490 quie
1157 1407 1335 1472 substantia

195 1511 327 1576 unitatis
349 1511 486 1594 loquitur
509 1515 540 1575 et
561 1511 702 1595 potentia
717 1513 865 1577 trinitatis
881 1516 1046 1595 operatur?
1084 1513 1235 1597 perspice,
1258 1531 1335 1596 qno-

197 1615 289 1680 modo
318 1615 403 1680 trina
432 1615 498 1679 uice
526 1634 640 1680 nornen
664 1617 712 1680 dei
734 1617 767 1681 in
791 1619 944 1682 creatione
967 1617 1102 1682 hominis
1126 1621 1332 1700 nuncupatur.
1361 1643 1386 1684 ιο

196 1720 244 1784 sic
267 1720 350 1784 enim
373 1719 526 1784 habemus
549 1721 580 1784 in
604 1719 733 1786 Genesi:
765 1726 801 1786 et
824 1722 922 1786 dixit·
938 1722 1042 1786 deus:
1071 1722 1252 1786 faciamus
1274 1721 1335 1786 ho-

138 1807 145 1832 *
196 1825 348 1905 minem,
365 1823 540 1888 etiterum:
563 1826 708 1889 creauit
723 1826 813 1890 deus
829 1827 1030 1906 hominem,
1049 1831 1080 1890 et
1095 1826 1201 1890 tertio:
1224 1825 1334 1890 bene-

197 1929 293 1993 dixit
319 1929 352 1992 ei
375 1929 474 1992 dens.
518 1929 593 1993 dixit
615 1929 702 2011 deus,
732 1929 806 1994 fecit
828 1931 914 2011 dene,
945 1929 1104 1994 benedixit
1126 1931 1212 1994 deus.
1259 1930 1335 1994 dixit

195 2036 295 2118 peter,
319 2033 394 2097 lecit
416 2032 509 2114 filius,
532 2033 689 2097 benedixit
711 2035 836 2117 spiritus
860 2039 995 2099 sanctus.
1029 2039 1156 2118 propter
1178 2039 1242 2098 tres
1264 2053 1335 2117 per-

197 2155 290 2202 sonas
313 2141 360 2202 ter
382 2138 512 2201 iteratur
535 2155 598 2201 una
620 2137 775 2202 diuinitas.
811 2157 872 2220 quo
892 2139 958 2204 loco
979 2139 1135 2203 euidenter
1151 2139 1334 2222 mysterium
1362 2163 1386 2204 ιε

197 2242 293 2306 etiam
315 2241 445 2305 unitatis
468 2241 623 2325 intellege.
658 2261 728 2306 ecee
748 2243 852 2327 imago
872 2244 921 2307 dei
938 2247 969 2307 ct
984 2243 1154 2308 similitudo
1170 2243 1335 2326 unicuique

195 2347 315 2412 homini
346 2363 365 2410 a
394 2344 494 2410 tribus
525 2347 616 2410 datur
647 2351 678 2410 et
707 2343 813 2411 tamen
844 2367 906 2412 una
935 2367 1004 2411 esse
1034 2348 1211 2412 dinoscitur.
1258 2348 1336 2412 dixit

196 2451 289 2516 dens:
320 2450 482 2515 iaciamus.
529 2451 695 2534 diligenter
725 2452 867 2533 adtende,
899 2452 973 2516 dum
1003 2471 1085 2516 unus
1115 2452 1189 2516 dicit
1218 2457 1250 2516 et
1273 2469 1334 2516 non

197 2575 279 2620 unus
302 2555 377 2619 lacit
399 2553 535 2637 dumque
558 2557 672 2619 iterum
688 2556 840 2640 singulari
855 2557 973 2639 plurale
989 2558 1157 2640 permiscet
1172 2575 1230 2621 nee
1245 2557 1333 2620 dicit:

198 2661 237 2724 ad
258 2659 413 2743 imagines
437 2663 469 2723 et
492 2659 712 2724 similitudines
736 2665 869 2741 nostras,
901 2662 950 2724 uel
974 2663 1072 2725 certe:
1104 2662 1142 2725 ad
1165 2661 1334 2745 imaginem
1362 2685 1389 2725 ro

198 2769 230 2829 et
252 2763 488 2828 similitudinem
512 2783 626 2845 meam,
650 2765 802 2829 unitatem
825 2765 1050 2849 singularitate,
1074 2765 1247 2830 trinitatem
1267 2765 1336 2849 plu·

197 2868 321 2933 ralitate
351 2868 560 2932 commendat.
609 2870 713 2950 itaque
743 2870 775 2934 in
806 2887 853 2950 eo,
884 2868 967 2952 quod
996 2870 1084 2934 dicit:
1115 2870 1266 2933 faciamus
1297 2869 1337 2933 ad

199 2977 350 3053 nostram,
384 2990 588 3056 personarum
618 2991 768 3037 numerus
799 2975 979 3058 explicatur,
1010 2975 1043 3038 in
1074 2991 1110 3038 eo
1140 2991 1224 3054 uero,
1255 2974 1337 3056 quod

201 3077 402 3162 singulariter
425 3079 481 3142 ait:
506 3078 544 3141 ad
568 3078 738 3160 imaginem
763 3083 794 3142 et
816 3078 1065 3158 similitudinem,
1089 3079 1121 3142 in
1145 3097 1240 3142 unam
1264 3077 1337 3142 sub-

199 3181 350 3246 stantiam
373 3181 473 3246 deitas
496 3182 628 3246 indiuisa
650 3181 814 3278 colligitur.
1363 3205 1389 3246 re

243 3285 323 3352 llum
347 3285 494 3351 Abrahae
525 3287 557 3350 in
587 3287 666 3351 ostio
696 3285 890 3351 tabernaculi
921 3287 1115 3370 apparuisset
1144 3287 1220 3350 dous
1248 3291 1280 3350 et
1302 3307 1337 3350 ex

200 3408 262 3455 uno
285 3393 349 3455 tres
373 3391 440 3455 eius
463 3409 497 3454 se
519 3391 616 3454 oculis
641 3391 825 3456 mirabiliter
848 3391 1045 3472 obtulissent,
1069 3391 1100 3454 in
1120 3390 1219 3455 tribus
1240 3409 1337 3455 unum

201 3495 343 3560 conscius
364 3495 538 3560 maiestatis
562 3495 714 3559 adorauit.
752 3497 784 3560 in
807 3496 936 3580 psalmis
960 3514 1082 3578 qnoque
1105 3495 1246 3560 absolute
1269 3515 1339 3579 per·

202 3599 285 3664 sonis
302 3599 368 3664 suis
383 3600 487 3663 unitus
503 3599 698 3683 designatur:
722 3619 766 3664 ne
788 3600 950 3684 proicias
975 3619 1044 3681 me,
1067 3600 1179 3682 inquit,
1203 3617 1221 3663 a
1244 3601 1338 3664 fecie

202 3707 264 3768 tua
294 3707 333 3768 et
359 3705 535 3788 spiritum
558 3709 727 3770 sanctum
752 3709 854 3770 tuum
878 3724 921 3768 ne
945 3703 1093 3769 auferas
1117 3722 1136 3768 a
1158 3723 1222 3768 me.
1268 3723 1338 3768 ecce
1365 3727 1392 3766 eo

305 3867 333 3936 5]
352 3865 418 3922 Gon.
434 3869 511 3932 l,26.
584 3867 629 3936 12]
648 3867 806 3932 Gen.1‚ar.
879 3867 944 3922 Gen.
960 3871 982 3932 l,
996 3870 1038 3922 28.
1115 3867 1160 3935 26]
1181 3865 1337 3932 Gen.18‚l.

200 3954 246 4024 29]
264 3953 418 4018 promto,
433 3955 472 4010 13.

246 4107 259 4160 1
273 4119 420 4174 super—p.
431 4107 533 4172 342,11
548 4103 707 4172 maiestatis]
721 4105 756 4171 os.
766 4103 862 4158 Fossa
873 4103 905 4157 dc
916 4103 983 4172 spir.
993 4107 1077 4158 scam.
1083 4119 1113 4172 p.
1123 4105 1341 4170 108,18—110‚n

202 4191 678 4260 snper-dominn(ntis)1tinras.
744 4191 761 4245 3
783 4189 891 4244 homine
914 4205 941 4242 se
964 4189 1060 4245 om.1t
1138 4191 1155 4244 9
1177 4189 1296 4258 prospice
1314 4189 1342 4245 R

204 4281 237 4334 13
263 4278 331 4332 dixit
356 4281 577 4348 pater—sanctus
603 4297 654 4334 om.
678 4279 800 4334 Faustae
823 4277 855 4333 dc
877 4279 943 4346 spir.
960 4283 1045 4333 sonat
1118 4279 1151 4332 16
1173 4276 1292 4346 intellige
1315 4277 1342 4333 R

206 4367 237 4422 18
255 4363 363 4419 attendo
381 4366 408 4421 R
475 4369 507 4421 19
526 4364 820 4434 dumque-permiscet
837 4383 888 4420 om.
907 4365 935 4418 R
996 4365 1029 4418 26
1047 4363 1134 4416 hostio
1152 4364 1180 4418 R
1240 4379 1270 4416 ex
1289 4379 1341 4415 uno

203 4469 252 4508 om.
272 4453 300 4509 R
351 4455 385 4508 27
404 4469 431 4506 se
449 4452 505 4506 eins
523 4453 550 4508 R
602 4451 762 4522 optulissent
778 4453 806 4507 R
858 4453 892 4506 29
911 4451 1182 4522 unitas]trinitas1t
