<?xml version="1.0" encoding="UTF-8"?>
<!DOCTYPE html PUBLIC "-//W3C//DTD XHTML 1.0 Transitional//EN"
    "http://www.w3.org/TR/xhtml1/DTD/xhtml1-transitional.dtd">
<html xmlns="http://www.w3.org/1999/xhtml" xml:lang="en" lang="en">
 <head>
  <title>
</title>
<meta http-equiv="Content-Type" content="text/html;charset=utf-8" />
  <meta name='ocr-system' content='tesseract 3.04.00' />
  <meta name='ocr-capabilities' content='ocr_page ocr_carea ocr_par ocr_line ocrx_word'/>
</head>
<body>
  <div class='ocr_page' id='page_1' title='image "./praetersermones01fausgoog/praetersermones01fausgoog_0456.png"; bbox 0 0 3268 5142; ppageno 0'>
   <div class='ocr_carea' id='block_1_1' title="bbox 538 513 1334 584">
    <p class='ocr_par' dir='ltr' id='par_1_1' title="bbox 538 513 1334 584">
     <span class='ocr_line' id='line_1_1' title="bbox 538 513 1334 584; baseline 0.013 -16"><span class='ocrx_word' id='word_1_1' title='bbox 538 515 762 584; x_wconf 75' lang='lat' dir='ltr'><strong>Epistularum</strong></span> <span class='ocrx_word' id='word_1_2' title='bbox 779 514 861 569; x_wconf 92' lang='lat' dir='ltr'>lih.1</span> <span class='ocrx_word' id='word_1_3' title='bbox 881 519 989 572; x_wconf 81' lang='lat'>15-17.</span> <span class='ocrx_word' id='word_1_4' title='bbox 1214 513 1219 523; x_wconf 74' lang='grc'>’</span> <span class='ocrx_word' id='word_1_5' title='bbox 1271 515 1334 580; x_wconf 90' lang='grc'>369</span> 
     </span>
    </p>
   </div>
   <div class='ocr_carea' id='block_1_2' title="bbox 197 689 1388 1713">
    <p class='ocr_par' dir='ltr' id='par_1_2' title="bbox 197 689 1388 1713">
     <span class='ocr_line' id='line_1_2' title="bbox 199 689 1336 773; baseline 0.001 -21"><span class='ocrx_word' id='word_1_6' title='bbox 199 689 370 753; x_wconf 79' lang='lat' dir='ltr'><strong>derandum</strong></span> <span class='ocrx_word' id='word_1_7' title='bbox 387 689 483 753; x_wconf 87' lang='lat' dir='ltr'>animi</span> <span class='ocrx_word' id='word_1_8' title='bbox 499 691 561 754; x_wconf 90' lang='lat' dir='ltr'>mei</span> <span class='ocrx_word' id='word_1_9' title='bbox 576 691 696 754; x_wconf 89' lang='lat' dir='ltr'>uiscera</span> <span class='ocrx_word' id='word_1_10' title='bbox 711 691 883 771; x_wconf 73' lang='lat' dir='ltr'>concitasti,</span> <span class='ocrx_word' id='word_1_11' title='bbox 907 708 985 773; x_wconf 89' lang='lat' dir='ltr'>quae</span> <span class='ocrx_word' id='word_1_12' title='bbox 1001 691 1033 754; x_wconf 91' lang='lat' dir='ltr'>in</span> <span class='ocrx_word' id='word_1_13' title='bbox 1049 694 1173 754; x_wconf 91' lang='lat' dir='ltr'>tautum</span> <span class='ocrx_word' id='word_1_14' title='bbox 1189 689 1336 754; x_wconf 83' lang='lat' dir='ltr'>allectum</span> 
     </span>
     <span class='ocr_line' id='line_1_3' title="bbox 198 793 1335 877; baseline 0 -21"><span class='ocrx_word' id='word_1_15' title='bbox 198 797 288 857; x_wconf 88' lang='lat' dir='ltr'>tuum</span> <span class='ocrx_word' id='word_1_16' title='bbox 319 793 532 858; x_wconf 85' lang='lat' dir='ltr'>meracissima</span> <span class='ocrx_word' id='word_1_17' title='bbox 562 794 725 859; x_wconf 77' lang='lat' dir='ltr'>dilectione</span> <span class='ocrx_word' id='word_1_18' title='bbox 755 799 913 859; x_wconf 90' lang='lat' dir='ltr'>commota</span> <span class='ocrx_word' id='word_1_19' title='bbox 942 798 1025 874; x_wconf 89' lang='lat' dir='ltr'>sunt,</span> <span class='ocrx_word' id='word_1_20' title='bbox 1056 797 1100 875; x_wconf 91' lang='lat' dir='ltr'>ut,</span> <span class='ocrx_word' id='word_1_21' title='bbox 1131 813 1222 876; x_wconf 86' lang='lat' dir='ltr'>quem</span> <span class='ocrx_word' id='word_1_22' title='bbox 1246 793 1335 877; x_wconf 91' lang='lat' dir='ltr'>spiri·</span> 
     </span>
     <span class='ocr_line' id='line_1_4' title="bbox 198 896 1334 982; baseline 0.001 -21"><span class='ocrx_word' id='word_1_23' title='bbox 198 896 315 962; x_wconf 85' lang='lat' dir='ltr'>talibus</span> <span class='ocrx_word' id='word_1_24' title='bbox 331 898 427 962; x_wconf 88' lang='lat' dir='ltr'>oculis</span> <span class='ocrx_word' id='word_1_25' title='bbox 443 899 644 980; x_wconf 89' lang='lat' dir='ltr'>contemplor,</span> <span class='ocrx_word' id='word_1_26' title='bbox 661 900 757 964; x_wconf 92' lang='lat' dir='ltr'>etiam</span> <span class='ocrx_word' id='word_1_27' title='bbox 772 899 949 964; x_wconf 87' lang='lat' dir='ltr'>carnalibus</span> <span class='ocrx_word' id='word_1_28' title='bbox 967 917 1092 964; x_wconf 87' lang='lat' dir='ltr'>cernere</span> <span class='ocrx_word' id='word_1_29' title='bbox 1109 898 1334 982; x_wconf 87' lang='lat' dir='ltr'>concupiscam.</span> 
     </span>
     <span class='ocr_line' id='line_1_5' title="bbox 198 999 1335 1087; baseline 0 -22"><span class='ocrx_word' id='word_1_30' title='bbox 198 1019 292 1083; x_wconf 84' lang='lat' dir='ltr'>quam</span> <span class='ocrx_word' id='word_1_31' title='bbox 305 999 344 1066; x_wconf 90' lang='lat' dir='ltr'>ob</span> <span class='ocrx_word' id='word_1_32' title='bbox 357 1021 424 1066; x_wconf 91' lang='lat' dir='ltr'>rem</span> <span class='ocrx_word' id='word_1_33' title='bbox 440 1003 526 1067; x_wconf 88' lang='lat' dir='ltr'>salue</span> <span class='ocrx_word' id='word_1_34' title='bbox 542 1003 574 1066; x_wconf 92' lang='lat' dir='ltr'>iu</span> <span class='ocrx_word' id='word_1_35' title='bbox 587 1001 709 1068; x_wconf 81' lang='lat' dir='ltr'>Christo</span> <span class='ocrx_word' id='word_1_36' title='bbox 725 1003 850 1069; x_wconf 90' lang='lat' dir='ltr'>domiuo</span> <span class='ocrx_word' id='word_1_37' title='bbox 866 1005 1036 1087; x_wconf 91' lang='lat' dir='ltr'>plurimum</span> <span class='ocrx_word' id='word_1_38' title='bbox 1052 1003 1156 1068; x_wconf 91' lang='lat' dir='ltr'>dicens</span> <span class='ocrx_word' id='word_1_39' title='bbox 1172 1002 1335 1084; x_wconf 89' lang='lat' dir='ltr'>specialius</span> 
     </span>
     <span class='ocr_line' id='line_1_6' title="bbox 199 1107 1374 1191; baseline 0.006 -23"><span class='ocrx_word' id='word_1_40' title='bbox 199 1123 324 1188; x_wconf 81' lang='lat' dir='ltr'>quaeso,</span> <span class='ocrx_word' id='word_1_41' title='bbox 355 1109 391 1170; x_wconf 93' lang='lat' dir='ltr'>ut</span> <span class='ocrx_word' id='word_1_42' title='bbox 412 1124 475 1170; x_wconf 88' lang='lat' dir='ltr'>una</span> <span class='ocrx_word' id='word_1_43' title='bbox 497 1125 568 1170; x_wconf 93' lang='lat' dir='ltr'>cum</span> <span class='ocrx_word' id='word_1_44' title='bbox 592 1107 705 1171; x_wconf 90' lang='lat' dir='ltr'>domno</span> <span class='ocrx_word' id='word_1_45' title='bbox 728 1125 797 1172; x_wconf 93' lang='lat' dir='ltr'>meo</span> <span class='ocrx_word' id='word_1_46' title='bbox 821 1108 974 1191; x_wconf 90' lang='lat' dir='ltr'>episcopo,</span> <span class='ocrx_word' id='word_1_47' title='bbox 1003 1126 1096 1190; x_wconf 91' lang='lat' dir='ltr'>quem</span> <span class='ocrx_word' id='word_1_48' title='bbox 1119 1108 1157 1171; x_wconf 89' lang='lat' dir='ltr'>ad</span> <span class='ocrx_word' id='word_1_49' title='bbox 1180 1124 1236 1171; x_wconf 89' lang='lat' dir='ltr'>nos</span> <span class='ocrx_word' id='word_1_50' title='bbox 1260 1125 1336 1170; x_wconf 91' lang='lat' dir='ltr'>ueu-</span> <span class='ocrx_word' id='word_1_51' title='bbox 1361 1137 1374 1175; x_wconf 82' lang='lat' dir='ltr'>e</span> 
     </span>
     <span class='ocr_line' id='line_1_7' title="bbox 197 1209 1335 1294; baseline 0 -21"><span class='ocrx_word' id='word_1_52' title='bbox 197 1213 304 1273; x_wconf 90' lang='lat' dir='ltr'>turum</span> <span class='ocrx_word' id='word_1_53' title='bbox 320 1227 375 1292; x_wconf 90' lang='lat' dir='ltr'>pro</span> <span class='ocrx_word' id='word_1_54' title='bbox 392 1228 449 1274; x_wconf 90' lang='lat' dir='ltr'>sua</span> <span class='ocrx_word' id='word_1_55' title='bbox 464 1209 643 1294; x_wconf 83' lang='lat' dir='ltr'>dignatione</span> <span class='ocrx_word' id='word_1_56' title='bbox 659 1211 790 1292; x_wconf 92' lang='lat' dir='ltr'>confido,</span> <span class='ocrx_word' id='word_1_57' title='bbox 807 1211 896 1276; x_wconf 87' lang='lat' dir='ltr'>uobis</span> <span class='ocrx_word' id='word_1_58' title='bbox 913 1211 951 1276; x_wconf 91' lang='lat' dir='ltr'>ad</span> <span class='ocrx_word' id='word_1_59' title='bbox 967 1211 1180 1276; x_wconf 82' lang='lat' dir='ltr'>humilitatem</span> <span class='ocrx_word' id='word_1_60' title='bbox 1195 1213 1335 1274; x_wconf 85' lang='lat' dir='ltr'>nostram</span> 
     </span>
     <span class='ocr_line' id='line_1_8' title="bbox 198 1313 1335 1399; baseline 0.001 -22"><span class='ocrx_word' id='word_1_61' title='bbox 198 1313 389 1378; x_wconf 87' lang='lat' dir='ltr'>uisitandam</span> <span class='ocrx_word' id='word_1_62' title='bbox 400 1314 520 1378; x_wconf 89' lang='lat' dir='ltr'>faciatis</span> <span class='ocrx_word' id='word_1_63' title='bbox 536 1315 690 1396; x_wconf 87' lang='lat' dir='ltr'>iniuriam,</span> <span class='ocrx_word' id='word_1_64' title='bbox 706 1319 742 1379; x_wconf 91' lang='lat' dir='ltr'>ut</span> <span class='ocrx_word' id='word_1_65' title='bbox 756 1316 913 1397; x_wconf 89' lang='lat' dir='ltr'>possimus</span> <span class='ocrx_word' id='word_1_66' title='bbox 929 1316 961 1380; x_wconf 92' lang='lat' dir='ltr'>in</span> <span class='ocrx_word' id='word_1_67' title='bbox 979 1333 1074 1380; x_wconf 91' lang='lat' dir='ltr'>unum</span> <span class='ocrx_word' id='word_1_68' title='bbox 1093 1315 1187 1399; x_wconf 90' lang='lat' dir='ltr'>positi</span> <span class='ocrx_word' id='word_1_69' title='bbox 1198 1314 1335 1378; x_wconf 84' lang='lat' dir='ltr'>fructum</span> 
     </span>
     <span class='ocr_line' id='line_1_9' title="bbox 198 1416 1335 1502; baseline 0.001 -21"><span class='ocrx_word' id='word_1_70' title='bbox 198 1416 236 1480; x_wconf 93' lang='lat' dir='ltr'>de</span> <span class='ocrx_word' id='word_1_71' title='bbox 263 1420 369 1482; x_wconf 82' lang='lat' dir='ltr'>nostra</span> <span class='ocrx_word' id='word_1_72' title='bbox 391 1418 526 1483; x_wconf 88' lang='lat' dir='ltr'>inuicem</span> <span class='ocrx_word' id='word_1_73' title='bbox 549 1435 658 1502; x_wconf 87' lang='lat' dir='ltr'>capere</span> <span class='ocrx_word' id='word_1_74' title='bbox 680 1421 866 1502; x_wconf 86' lang='lat' dir='ltr'>praesentia,</span> <span class='ocrx_word' id='word_1_75' title='bbox 897 1420 971 1484; x_wconf 95' lang='lat' dir='ltr'>dum</span> <span class='ocrx_word' id='word_1_76' title='bbox 995 1419 1180 1484; x_wconf 88' lang='lat' dir='ltr'>sciscitantis</span> <span class='ocrx_word' id='word_1_77' title='bbox 1203 1417 1335 1482; x_wconf 87' lang='lat' dir='ltr'>intentio</span> 
     </span>
     <span class='ocr_line' id='line_1_10' title="bbox 198 1519 1336 1606; baseline 0.001 -22"><span class='ocrx_word' id='word_1_78' title='bbox 198 1519 236 1584; x_wconf 90' lang='lat' dir='ltr'>fit</span> <span class='ocrx_word' id='word_1_79' title='bbox 250 1521 466 1605; x_wconf 88' lang='lat' dir='ltr'>respondentis</span> <span class='ocrx_word' id='word_1_80' title='bbox 490 1523 619 1587; x_wconf 86' lang='lat' dir='ltr'>eruditio</span> <span class='ocrx_word' id='word_1_81' title='bbox 643 1527 674 1588; x_wconf 92' lang='lat' dir='ltr'>et</span> <span class='ocrx_word' id='word_1_82' title='bbox 697 1527 823 1588; x_wconf 89' lang='lat' dir='ltr'>mutuus</span> <span class='ocrx_word' id='word_1_83' title='bbox 846 1523 981 1606; x_wconf 92' lang='lat' dir='ltr'>quodam</span> <span class='ocrx_word' id='word_1_84' title='bbox 997 1523 1088 1588; x_wconf 94' lang='lat' dir='ltr'>modo</span> <span class='ocrx_word' id='word_1_85' title='bbox 1111 1522 1268 1605; x_wconf 87' lang='lat' dir='ltr'>proiectus</span> <span class='ocrx_word' id='word_1_86' title='bbox 1291 1521 1336 1585; x_wconf 93' lang='lat' dir='ltr'>di-</span> 
     </span>
     <span class='ocr_line' id='line_1_11' title="bbox 199 1625 1388 1713; baseline 0.003 -23"><span class='ocrx_word' id='word_1_87' title='bbox 199 1625 314 1690; x_wconf 90' lang='lat' dir='ltr'>scentis</span> <span class='ocrx_word' id='word_1_88' title='bbox 338 1625 471 1691; x_wconf 87' lang='lat' dir='ltr'>eflicitur</span> <span class='ocrx_word' id='word_1_89' title='bbox 493 1631 525 1692; x_wconf 93' lang='lat' dir='ltr'>et</span> <span class='ocrx_word' id='word_1_90' title='bbox 547 1627 695 1692; x_wconf 86' lang='lat' dir='ltr'>docentis.</span> <span class='ocrx_word' id='word_1_91' title='bbox 740 1645 810 1711; x_wconf 86' lang='lat' dir='ltr'>pax,</span> <span class='ocrx_word' id='word_1_92' title='bbox 834 1645 903 1711; x_wconf 88' lang='lat' dir='ltr'>pax,</span> <span class='ocrx_word' id='word_1_93' title='bbox 926 1645 995 1713; x_wconf 90' lang='lat' dir='ltr'>pax.</span> <span class='ocrx_word' id='word_1_94' title='bbox 1362 1655 1388 1697; x_wconf 84' lang='lat' dir='ltr'>ro</span> 
     </span>
    </p>
   </div>
   <div class='ocr_carea' id='block_1_3' title="bbox 715 1871 816 1937">
    <p class='ocr_par' dir='ltr' id='par_1_3' title="bbox 715 1871 816 1937">
     <span class='ocr_line' id='line_1_12' title="bbox 715 1871 816 1937; baseline 0 -1"><span class='ocrx_word' id='word_1_95' title='bbox 715 1871 816 1937; x_wconf 86' lang='lat' dir='ltr'><strong>XVII.</strong></span> 
     </span>
    </p>
   </div>
   <div class='ocr_carea' id='block_1_4' title="bbox 198 2029 1335 2162">
    <p class='ocr_par' dir='ltr' id='par_1_4' title="bbox 198 2029 1335 2162">
     <span class='ocr_line' id='line_1_13' title="bbox 198 2029 1335 2074; baseline 0.001 -3"><span class='ocrx_word' id='word_1_96' title='bbox 198 2029 309 2072; x_wconf 66' lang='lat' dir='ltr'>noluo</span> <span class='ocrx_word' id='word_1_97' title='bbox 338 2031 460 2072; x_wconf 69' lang='lat' dir='ltr'>humare</span> <span class='ocrx_word' id='word_1_98' title='bbox 490 2031 571 2074; x_wconf 68' lang='lat' dir='ltr'>sudu</span> <span class='ocrx_word' id='word_1_99' title='bbox 600 2033 641 2074; x_wconf 72' lang='lat' dir='ltr'>m·</span> <span class='ocrx_word' id='word_1_100' title='bbox 670 2031 760 2074; x_wconf 72' lang='lat' dir='ltr'>xoris</span> <span class='ocrx_word' id='word_1_101' title='bbox 789 2033 820 2072; x_wconf 75' lang='lat' dir='ltr'>lli</span> <span class='ocrx_word' id='word_1_102' title='bbox 844 2031 974 2074; x_wconf 70' lang='lat' dir='ltr'>onisco</span> <span class='ocrx_word' id='word_1_103' title='bbox 996 2031 1116 2074; x_wconf 71' lang='lat' dir='ltr'>nomo</span> <span class='ocrx_word' id='word_1_104' title='bbox 1139 2031 1335 2074; x_wconf 69' lang='lat' dir='ltr'>manumortis</span> 
     </span>
     <span class='ocr_line' id='line_1_14' title="bbox 240 2116 1297 2162; baseline 0.001 -3"><span class='ocrx_word' id='word_1_105' title='bbox 240 2116 422 2160; x_wconf 75' lang='lat' dir='ltr'>mscumnus</span> <span class='ocrx_word' id='word_1_106' title='bbox 445 2117 631 2160; x_wconf 71' lang='lat' dir='ltr'>EXCOLRNDO</span> <span class='ocrx_word' id='word_1_107' title='bbox 654 2118 793 2160; x_wconf 71' lang='lat' dir='ltr'>POHERIO</span> <span class='ocrx_word' id='word_1_108' title='bbox 815 2119 930 2160; x_wconf 75' lang='lat' dir='ltr'>Anam</span> <span class='ocrx_word' id='word_1_109' title='bbox 953 2118 1099 2162; x_wconf 80' lang='lat' dir='ltr'>aumcxus</span> <span class='ocrx_word' id='word_1_110' title='bbox 1121 2118 1297 2161; x_wconf 63' lang='lat' dir='ltr'>episcopua.</span> 
     </span>
    </p>
   </div>
   <div class='ocr_carea' id='block_1_5' title="bbox 99 2249 1386 4016">
    <p class='ocr_par' dir='ltr' id='par_1_5' title="bbox 99 2249 1386 4016">
     <span class='ocr_line' id='line_1_15' title="bbox 243 2249 1334 2337; baseline 0.001 -22"><span class='ocrx_word' id='word_1_111' title='bbox 243 2249 399 2335; x_wconf 87' lang='lat' dir='ltr'>Scriptum</span> <span class='ocrx_word' id='word_1_112' title='bbox 431 2256 492 2333; x_wconf 90' lang='lat' dir='ltr'>cst,</span> <span class='ocrx_word' id='word_1_113' title='bbox 528 2253 609 2318; x_wconf 88' lang='lat' dir='ltr'>sicut</span> <span class='ocrx_word' id='word_1_114' title='bbox 643 2253 703 2337; x_wconf 89' lang='lat' dir='ltr'>ipsi</span> <span class='ocrx_word' id='word_1_115' title='bbox 738 2254 850 2318; x_wconf 89' lang='lat' dir='ltr'>melius</span> <span class='ocrx_word' id='word_1_116' title='bbox 884 2255 996 2318; x_wconf 82' lang='lat' dir='ltr'>nortis:</span> <span class='ocrx_word' id='word_1_117' title='bbox 1033 2253 1123 2317; x_wconf 93' lang='lat' dir='ltr'>mihi</span> <span class='ocrx_word' id='word_1_118' title='bbox 1152 2253 1334 2332; x_wconf 90' lang='lat' dir='ltr'>uindicta,</span> 
     </span>
     <span class='ocr_line' id='line_1_16' title="bbox 200 2355 1386 2440; baseline 0.004 -21"><span class='ocrx_word' id='word_1_119' title='bbox 200 2373 266 2439; x_wconf 90' lang='lat' dir='ltr'>ego</span> <span class='ocrx_word' id='word_1_120' title='bbox 288 2355 513 2438; x_wconf 85' lang='lat' dir='ltr'>retribuam,</span> <span class='ocrx_word' id='word_1_121' title='bbox 536 2357 627 2421; x_wconf 91' lang='lat' dir='ltr'>dicit</span> <span class='ocrx_word' id='word_1_122' title='bbox 649 2357 827 2422; x_wconf 90' lang='lat' dir='ltr'>domiuus.</span> <span class='ocrx_word' id='word_1_123' title='bbox 867 2357 929 2422; x_wconf 88' lang='lat' dir='ltr'>iam</span> <span class='ocrx_word' id='word_1_124' title='bbox 952 2375 1008 2422; x_wconf 87' lang='lat' dir='ltr'>uos</span> <span class='ocrx_word' id='word_1_125' title='bbox 1031 2358 1117 2439; x_wconf 89' lang='lat' dir='ltr'>mihi,</span> <span class='ocrx_word' id='word_1_126' title='bbox 1141 2358 1167 2422; x_wconf 89' lang='lat' dir='ltr'>si</span> <span class='ocrx_word' id='word_1_127' title='bbox 1190 2357 1264 2440; x_wconf 90' lang='lat' dir='ltr'>quid</span> <span class='ocrx_word' id='word_1_128' title='bbox 1287 2357 1335 2420; x_wconf 92' lang='lat' dir='ltr'>in·</span> <span class='ocrx_word' id='word_1_129' title='bbox 1362 2385 1386 2424; x_wconf 81' lang='lat' dir='ltr'>rs</span> 
     </span>
     <span class='ocr_line' id='line_1_17' title="bbox 198 2460 1334 2545; baseline -0.002 -21"><span class='ocrx_word' id='word_1_130' title='bbox 198 2460 327 2543; x_wconf 87' lang='lat' dir='ltr'>putatis,</span> <span class='ocrx_word' id='word_1_131' title='bbox 351 2461 514 2545; x_wconf 87' lang='lat' dir='ltr'>ignoscite,</span> <span class='ocrx_word' id='word_1_132' title='bbox 537 2463 609 2544; x_wconf 87' lang='lat' dir='ltr'>quia</span> <span class='ocrx_word' id='word_1_133' title='bbox 632 2462 737 2526; x_wconf 88' lang='lat' dir='ltr'>sciatis</span> <span class='ocrx_word' id='word_1_134' title='bbox 761 2461 921 2527; x_wconf 89' lang='lat' dir='ltr'>dominum</span> <span class='ocrx_word' id='word_1_135' title='bbox 944 2461 1127 2526; x_wconf 86' lang='lat' dir='ltr'>uindicasse.</span> <span class='ocrx_word' id='word_1_136' title='bbox 1166 2465 1232 2526; x_wconf 85' lang='lat' dir='ltr'>tam</span> <span class='ocrx_word' id='word_1_137' title='bbox 1256 2460 1334 2524; x_wconf 87' lang='lat' dir='ltr'>auiis</span> 
     </span>
     <span class='ocr_line' id='line_1_18' title="bbox 200 2564 1334 2643; baseline 0 -16"><span class='ocrx_word' id='word_1_138' title='bbox 200 2583 268 2628; x_wconf 88' lang='lat' dir='ltr'>csse</span> <span class='ocrx_word' id='word_1_139' title='bbox 291 2583 347 2630; x_wconf 92' lang='lat' dir='ltr'>nos</span> <span class='ocrx_word' id='word_1_140' title='bbox 370 2565 531 2630; x_wconf 84' lang='lat' dir='ltr'>itineribus</span> <span class='ocrx_word' id='word_1_141' title='bbox 555 2566 703 2630; x_wconf 90' lang='lat' dir='ltr'>noueritis</span> <span class='ocrx_word' id='word_1_142' title='bbox 718 2567 750 2629; x_wconf 93' lang='lat' dir='ltr'>in</span> <span class='ocrx_word' id='word_1_143' title='bbox 765 2569 830 2630; x_wconf 90' lang='lat' dir='ltr'>tam</span> <span class='ocrx_word' id='word_1_144' title='bbox 847 2564 970 2630; x_wconf 87' lang='lat' dir='ltr'>abditas</span> <span class='ocrx_word' id='word_1_145' title='bbox 986 2565 1166 2630; x_wconf 85' lang='lat' dir='ltr'>solitudines</span> <span class='ocrx_word' id='word_1_146' title='bbox 1182 2565 1334 2643; x_wconf 91' lang='lat' dir='ltr'>inductos,</span> 
     </span>
     <span class='ocr_line' id='line_1_19' title="bbox 199 2661 1334 2754; baseline -0.001 -22"><span class='ocrx_word' id='word_1_147' title='bbox 199 2672 235 2732; x_wconf 90' lang='lat' dir='ltr'>ut</span> <span class='ocrx_word' id='word_1_148' title='bbox 264 2687 316 2733; x_wconf 83' lang='lat' dir='ltr'>eas</span> <span class='ocrx_word' id='word_1_149' title='bbox 347 2673 485 2734; x_wconf 84' lang='lat' dir='ltr'>retexere</span> <span class='ocrx_word' id='word_1_150' title='bbox 520 2671 642 2734; x_wconf 91' lang='lat' dir='ltr'>animus</span> <span class='ocrx_word' id='word_1_151' title='bbox 673 2670 808 2751; x_wconf 80' lang='lat' dir='ltr'>horreat,</span> <span class='ocrx_word' id='word_1_152' title='bbox 842 2688 931 2735; x_wconf 90' lang='lat' dir='ltr'>mens</span> <span class='ocrx_word' id='word_1_153' title='bbox 962 2661 1105 2754; x_wconf 80' lang='lat' dir='ltr'>refugiat,</span> <span class='ocrx_word' id='word_1_154' title='bbox 1140 2685 1241 2732; x_wconf 89' lang='lat' dir='ltr'>sermo</span> <span class='ocrx_word' id='word_1_155' title='bbox 1272 2685 1334 2732; x_wconf 92' lang='lat' dir='ltr'>non</span> 
     </span>
     <span class='ocr_line' id='line_1_20' title="bbox 198 2772 1333 2856; baseline -0.002 -19"><span class='ocrx_word' id='word_1_156' title='bbox 198 2777 301 2854; x_wconf 88' lang='lat' dir='ltr'>queat.</span> <span class='ocrx_word' id='word_1_157' title='bbox 348 2773 534 2838; x_wconf 88' lang='lat' dir='ltr'>incurrimus</span> <span class='ocrx_word' id='word_1_158' title='bbox 558 2792 693 2856; x_wconf 89' lang='lat' dir='ltr'>namque</span> <span class='ocrx_word' id='word_1_159' title='bbox 716 2774 861 2839; x_wconf 84' lang='lat' dir='ltr'>sonutam</span> <span class='ocrx_word' id='word_1_160' title='bbox 884 2773 1077 2838; x_wconf 88' lang='lat' dir='ltr'>obstructam</span> <span class='ocrx_word' id='word_1_161' title='bbox 1099 2773 1205 2852; x_wconf 89' lang='lat' dir='ltr'>ramis,</span> <span class='ocrx_word' id='word_1_162' title='bbox 1232 2772 1333 2854; x_wconf 86' lang='lat' dir='ltr'>spatio</span> 
     </span>
     <span class='ocr_line' id='line_1_21' title="bbox 199 2876 1385 2962; baseline 0.002 -22"><span class='ocrx_word' id='word_1_163' title='bbox 199 2877 410 2959; x_wconf 86' lang='lat' dir='ltr'>constrictam,</span> <span class='ocrx_word' id='word_1_164' title='bbox 434 2879 532 2962; x_wconf 87' lang='lat' dir='ltr'>spinis</span> <span class='ocrx_word' id='word_1_165' title='bbox 547 2879 672 2958; x_wconf 88' lang='lat' dir='ltr'>hirtam,</span> <span class='ocrx_word' id='word_1_166' title='bbox 696 2878 845 2962; x_wconf 88' lang='lat' dir='ltr'>stirpibus</span> <span class='ocrx_word' id='word_1_167' title='bbox 861 2879 1011 2958; x_wconf 88' lang='lat' dir='ltr'>clausam,</span> <span class='ocrx_word' id='word_1_168' title='bbox 1031 2877 1165 2942; x_wconf 89' lang='lat' dir='ltr'>obsitam</span> <span class='ocrx_word' id='word_1_169' title='bbox 1181 2876 1332 2958; x_wconf 88' lang='lat' dir='ltr'>sentibus,</span> <span class='ocrx_word' id='word_1_170' title='bbox 1360 2905 1385 2942; x_wconf 78' lang='lat'>20</span> 
     </span>
     <span class='ocr_line' id='line_1_22' title="bbox 198 2981 1333 3067; baseline 0.001 -23"><span class='ocrx_word' id='word_1_171' title='bbox 198 2981 261 3044; x_wconf 88' lang='lat' dir='ltr'>situ</span> <span class='ocrx_word' id='word_1_172' title='bbox 284 2999 437 3064; x_wconf 86' lang='lat' dir='ltr'>asperam,</span> <span class='ocrx_word' id='word_1_173' title='bbox 461 3001 606 3048; x_wconf 85' lang='lat' dir='ltr'>saxorum</span> <span class='ocrx_word' id='word_1_174' title='bbox 627 2982 791 3067; x_wconf 86' lang='lat' dir='ltr'>aggeribus</span> <span class='ocrx_word' id='word_1_175' title='bbox 807 2982 989 3066; x_wconf 86' lang='lat' dir='ltr'>inpeditam,</span> <span class='ocrx_word' id='word_1_176' title='bbox 1011 2982 1152 3046; x_wconf 87' lang='lat' dir='ltr'>radicum</span> <span class='ocrx_word' id='word_1_177' title='bbox 1167 2982 1333 3046; x_wconf 82' lang='lat' dir='ltr'>conexione</span> 
     </span>
     <span class='ocr_line' id='line_1_23' title="bbox 198 3086 1334 3171; baseline 0 -23"><span class='ocrx_word' id='word_1_178' title='bbox 198 3089 401 3167; x_wconf 80' lang='lat' dir='ltr'>constratam,</span> <span class='ocrx_word' id='word_1_179' title='bbox 424 3105 519 3152; x_wconf 85' lang='lat' dir='ltr'>caeno</span> <span class='ocrx_word' id='word_1_180' title='bbox 542 3087 770 3171; x_wconf 88' lang='lat' dir='ltr'>uoraginosam,</span> <span class='ocrx_word' id='word_1_181' title='bbox 793 3091 829 3150; x_wconf 91' lang='lat' dir='ltr'>ut</span> <span class='ocrx_word' id='word_1_182' title='bbox 850 3087 882 3150; x_wconf 91' lang='lat' dir='ltr'>iu</span> <span class='ocrx_word' id='word_1_183' title='bbox 905 3091 970 3151; x_wconf 86' lang='lat' dir='ltr'>tam</span> <span class='ocrx_word' id='word_1_184' title='bbox 993 3087 1086 3150; x_wconf 90' lang='lat' dir='ltr'>uariis</span> <span class='ocrx_word' id='word_1_185' title='bbox 1109 3089 1235 3167; x_wconf 90' lang='lat' dir='ltr'>tamque</span> <span class='ocrx_word' id='word_1_186' title='bbox 1252 3086 1334 3149; x_wconf 92' lang='lat' dir='ltr'>mul-</span> 
     </span>
     <span class='ocr_line' id='line_1_24' title="bbox 198 3189 1362 3274; baseline 0.001 -21"><span class='ocrx_word' id='word_1_187' title='bbox 198 3189 356 3272; x_wconf 90' lang='lat' dir='ltr'>tiplicibus</span> <span class='ocrx_word' id='word_1_188' title='bbox 384 3191 475 3256; x_wconf 84' lang='lat' dir='ltr'>malis</span> <span class='ocrx_word' id='word_1_189' title='bbox 499 3209 561 3256; x_wconf 92' lang='lat' dir='ltr'>non</span> <span class='ocrx_word' id='word_1_190' title='bbox 585 3195 668 3256; x_wconf 90' lang='lat' dir='ltr'>esset</span> <span class='ocrx_word' id='word_1_191' title='bbox 691 3191 822 3274; x_wconf 87' lang='lat' dir='ltr'>simplex</span> <span class='ocrx_word' id='word_1_192' title='bbox 844 3191 945 3256; x_wconf 88' lang='lat' dir='ltr'>forma</span> <span class='ocrx_word' id='word_1_193' title='bbox 966 3190 1103 3273; x_wconf 89' lang='lat' dir='ltr'>periculi,</span> <span class='ocrx_word' id='word_1_194' title='bbox 1131 3191 1206 3254; x_wconf 90' lang='lat' dir='ltr'>dum</span> <span class='ocrx_word' id='word_1_195' title='bbox 1229 3189 1333 3255; x_wconf 87' lang='lat' dir='ltr'>cabal·</span> <span class='ocrx_word' id='word_1_196' title='bbox 1359 3259 1362 3268; x_wconf 64' lang='grc'>,</span> 
     </span>
     <span class='ocr_line' id='line_1_25' title="bbox 197 3293 1331 3378; baseline 0.002 -21"><span class='ocrx_word' id='word_1_197' title='bbox 197 3293 298 3358; x_wconf 92' lang='lat' dir='ltr'>lorum</span> <span class='ocrx_word' id='word_1_198' title='bbox 320 3295 416 3378; x_wconf 88' lang='lat' dir='ltr'>pedes</span> <span class='ocrx_word' id='word_1_199' title='bbox 438 3295 580 3360; x_wconf 88' lang='lat' dir='ltr'>radicum</span> <span class='ocrx_word' id='word_1_200' title='bbox 599 3297 698 3360; x_wconf 87' lang='lat' dir='ltr'>uirtus</span> <span class='ocrx_word' id='word_1_201' title='bbox 714 3295 832 3360; x_wconf 89' lang='lat' dir='ltr'>detinet</span> <span class='ocrx_word' id='word_1_202' title='bbox 848 3298 879 3359; x_wconf 88' lang='lat' dir='ltr'>et</span> <span class='ocrx_word' id='word_1_203' title='bbox 894 3295 949 3360; x_wconf 89' lang='lat' dir='ltr'>soli</span> <span class='ocrx_word' id='word_1_204' title='bbox 966 3294 1096 3378; x_wconf 86' lang='lat' dir='ltr'>putredo</span> <span class='ocrx_word' id='word_1_205' title='bbox 1112 3313 1173 3359; x_wconf 92' lang='lat' dir='ltr'>nou</span> <span class='ocrx_word' id='word_1_206' title='bbox 1190 3294 1331 3374; x_wconf 89' lang='lat' dir='ltr'>sustinet,</span> 
     </span>
     <span class='ocr_line' id='line_1_26' title="bbox 200 3397 1384 3482; baseline 0.001 -20"><span class='ocrx_word' id='word_1_207' title='bbox 200 3397 357 3464; x_wconf 87' lang='lat' dir='ltr'>montibus</span> <span class='ocrx_word' id='word_1_208' title='bbox 381 3417 454 3465; x_wconf 90' lang='lat' dir='ltr'>uero</span> <span class='ocrx_word' id='word_1_209' title='bbox 478 3401 521 3465; x_wconf 86' lang='lat' dir='ltr'>ite</span> <span class='ocrx_word' id='word_1_210' title='bbox 543 3401 575 3464; x_wconf 92' lang='lat' dir='ltr'>iu</span> <span class='ocrx_word' id='word_1_211' title='bbox 595 3400 729 3465; x_wconf 90' lang='lat' dir='ltr'>sublime</span> <span class='ocrx_word' id='word_1_212' title='bbox 745 3403 918 3482; x_wconf 87' lang='lat' dir='ltr'>porrectam</span> <span class='ocrx_word' id='word_1_213' title='bbox 935 3401 966 3462; x_wconf 89' lang='lat' dir='ltr'>et</span> <span class='ocrx_word' id='word_1_214' title='bbox 981 3397 1115 3463; x_wconf 89' lang='lat' dir='ltr'>uallibus</span> <span class='ocrx_word' id='word_1_215' title='bbox 1131 3399 1163 3462; x_wconf 92' lang='lat' dir='ltr'>in</span> <span class='ocrx_word' id='word_1_216' title='bbox 1179 3397 1333 3481; x_wconf 80' lang='lat' dir='ltr'>profunda</span> <span class='ocrx_word' id='word_1_217' title='bbox 1358 3425 1384 3463; x_wconf 79' lang='lat' dir='ltr'>re</span> 
     </span>
     <span class='ocr_line' id='line_1_27' title="bbox 199 3501 1332 3588; baseline -0.001 -22"><span class='ocrx_word' id='word_1_218' title='bbox 199 3502 385 3583; x_wconf 89' lang='lat' dir='ltr'>demersam,</span> <span class='ocrx_word' id='word_1_219' title='bbox 417 3509 452 3568; x_wconf 91' lang='lat' dir='ltr'>ut</span> <span class='ocrx_word' id='word_1_220' title='bbox 481 3521 537 3568; x_wconf 89' lang='lat' dir='ltr'>nos</span> <span class='ocrx_word' id='word_1_221' title='bbox 565 3524 620 3588; x_wconf 90' lang='lat' dir='ltr'>per</span> <span class='ocrx_word' id='word_1_222' title='bbox 648 3504 803 3570; x_wconf 90' lang='lat' dir='ltr'>undosum</span> <span class='ocrx_word' id='word_1_223' title='bbox 826 3521 911 3568; x_wconf 88' lang='lat' dir='ltr'>mare</span> <span class='ocrx_word' id='word_1_224' title='bbox 935 3501 1139 3566; x_wconf 86' lang='lat' dir='ltr'>excitantibus</span> <span class='ocrx_word' id='word_1_225' title='bbox 1162 3520 1234 3566; x_wconf 93' lang='lat' dir='ltr'>eum</span> <span class='ocrx_word' id='word_1_226' title='bbox 1257 3520 1332 3565; x_wconf 91' lang='lat' dir='ltr'>ucu-</span> 
     </span>
     <span class='ocr_line' id='line_1_28' title="bbox 198 3607 1331 3692; baseline 0 -22"><span class='ocrx_word' id='word_1_227' title='bbox 198 3609 300 3671; x_wconf 89' lang='lat' dir='ltr'>torum</span> <span class='ocrx_word' id='word_1_228' title='bbox 330 3608 535 3674; x_wconf 88' lang='lat' dir='ltr'>saeuientium</span> <span class='ocrx_word' id='word_1_229' title='bbox 566 3607 672 3674; x_wconf 88' lang='lat' dir='ltr'>flabris</span> <span class='ocrx_word' id='word_1_230' title='bbox 704 3612 809 3692; x_wconf 87' lang='lat' dir='ltr'>erepto</span> <span class='ocrx_word' id='word_1_231' title='bbox 832 3607 870 3673; x_wconf 87' lang='lat' dir='ltr'>ab</span> <span class='ocrx_word' id='word_1_232' title='bbox 895 3608 990 3672; x_wconf 88' lang='lat' dir='ltr'>oculis</span> <span class='ocrx_word' id='word_1_233' title='bbox 1013 3608 1127 3672; x_wconf 89' lang='lat' dir='ltr'>nostris</span> <span class='ocrx_word' id='word_1_234' title='bbox 1151 3607 1273 3671; x_wconf 91' lang='lat' dir='ltr'>nebulis</span> <span class='ocrx_word' id='word_1_235' title='bbox 1297 3625 1331 3670; x_wconf 90' lang='lat' dir='ltr'>ac</span> 
     </span>
     <span class='ocr_line' id='line_1_29' title="bbox 197 3709 1331 3796; baseline 0.001 -23"><span class='ocrx_word' id='word_1_236' title='bbox 197 3709 332 3776; x_wconf 92' lang='lat' dir='ltr'>nubibus</span> <span class='ocrx_word' id='word_1_237' title='bbox 349 3711 398 3777; x_wconf 90' lang='lat' dir='ltr'>dic</span> <span class='ocrx_word' id='word_1_238' title='bbox 421 3713 481 3777; x_wconf 92' lang='lat' dir='ltr'>iter</span> <span class='ocrx_word' id='word_1_239' title='bbox 503 3731 595 3796; x_wconf 90' lang='lat' dir='ltr'>agere</span> <span class='ocrx_word' id='word_1_240' title='bbox 618 3713 824 3793; x_wconf 89' lang='lat' dir='ltr'>crederemus,</span> <span class='ocrx_word' id='word_1_241' title='bbox 848 3712 931 3795; x_wconf 89' lang='lat' dir='ltr'>quia,</span> <span class='ocrx_word' id='word_1_242' title='bbox 955 3712 1076 3776; x_wconf 89' lang='lat' dir='ltr'>etiamsi</span> <span class='ocrx_word' id='word_1_243' title='bbox 1095 3711 1211 3775; x_wconf 91' lang='lat' dir='ltr'>mundo</span> <span class='ocrx_word' id='word_1_244' title='bbox 1226 3711 1331 3775; x_wconf 89' lang='lat' dir='ltr'>radius</span> 
     </span>
     <span class='ocr_line' id='line_1_30' title="bbox 197 3815 1331 3900; baseline -0.001 -22"><span class='ocrx_word' id='word_1_245' title='bbox 197 3815 269 3879; x_wconf 88' lang='lat' dir='ltr'>solis</span> <span class='ocrx_word' id='word_1_246' title='bbox 293 3815 413 3895; x_wconf 91' lang='lat' dir='ltr'>inluxit,</span> <span class='ocrx_word' id='word_1_247' title='bbox 437 3816 476 3880; x_wconf 87' lang='lat' dir='ltr'>ad</span> <span class='ocrx_word' id='word_1_248' title='bbox 498 3834 554 3882; x_wconf 91' lang='lat' dir='ltr'>nos</span> <span class='ocrx_word' id='word_1_249' title='bbox 576 3834 651 3900; x_wconf 90' lang='lat' dir='ltr'>prae</span> <span class='ocrx_word' id='word_1_250' title='bbox 674 3817 827 3881; x_wconf 88' lang='lat' dir='ltr'>densitate</span> <span class='ocrx_word' id='word_1_251' title='bbox 850 3815 984 3880; x_wconf 91' lang='lat' dir='ltr'>nemoris</span> <span class='ocrx_word' id='word_1_252' title='bbox 1008 3815 1153 3898; x_wconf 90' lang='lat' dir='ltr'>splendor</span> <span class='ocrx_word' id='word_1_253' title='bbox 1178 3815 1276 3897; x_wconf 89' lang='lat' dir='ltr'>ipsius</span> <span class='ocrx_word' id='word_1_254' title='bbox 1299 3817 1331 3878; x_wconf 90' lang='lat' dir='ltr'>et</span> 
     </span>
     <span class='ocr_line' id='line_1_31' title="bbox 99 3917 1383 4016; baseline 0 -32"><span class='ocrx_word' id='word_1_255' title='bbox 99 3994 110 4016; x_wconf 35' lang='grc' dir='ltr'><strong>ι</strong></span> <span class='ocrx_word' id='word_1_256' title='bbox 197 3919 278 3984; x_wconf 86' lang='lat' dir='ltr'>calor</span> <span class='ocrx_word' id='word_1_257' title='bbox 290 3919 453 4003; x_wconf 89' lang='lat' dir='ltr'>pemenire</span> <span class='ocrx_word' id='word_1_258' title='bbox 465 3938 527 3985; x_wconf 93' lang='lat' dir='ltr'>nou</span> <span class='ocrx_word' id='word_1_259' title='bbox 543 3921 652 4002; x_wconf 87' lang='lat' dir='ltr'>ualuit,</span> <span class='ocrx_word' id='word_1_260' title='bbox 670 3921 744 3984; x_wconf 92' lang='lat' dir='ltr'>dum</span> <span class='ocrx_word' id='word_1_261' title='bbox 760 3937 816 3984; x_wconf 91' lang='lat' dir='ltr'>nos</span> <span class='ocrx_word' id='word_1_262' title='bbox 832 3920 875 3984; x_wconf 87' lang='lat' dir='ltr'>ita</span> <span class='ocrx_word' id='word_1_263' title='bbox 886 3938 940 4004; x_wconf 91' lang='lat' dir='ltr'>per</span> <span class='ocrx_word' id='word_1_264' title='bbox 951 3919 1010 3984; x_wconf 88' lang='lat' dir='ltr'>iter</span> <span class='ocrx_word' id='word_1_265' title='bbox 1025 3917 1195 3982; x_wconf 79' lang='lat' dir='ltr'>infelicium</span> <span class='ocrx_word' id='word_1_266' title='bbox 1211 3917 1330 3983; x_wconf 87' lang='lat' dir='ltr'>filicum</span> <span class='ocrx_word' id='word_1_267' title='bbox 1357 3943 1383 3984; x_wconf 84' lang='lat' dir='ltr'>so</span> 
     </span>
    </p>
   </div>
   <div class='ocr_carea' id='block_1_6' title="bbox 301 4091 550 4162">
    <p class='ocr_par' dir='ltr' id='par_1_6' title="bbox 301 4091 550 4162">
     <span class='ocr_line' id='line_1_32' title="bbox 301 4091 550 4162; baseline 0 -14"><span class='ocrx_word' id='word_1_268' title='bbox 301 4091 550 4162; x_wconf 61' lang='lat' dir='ltr'>mmmm</span> 
     </span>
    </p>
   </div>
   <div class='ocr_carea' id='block_1_7' title="bbox 239 4254 1328 4360">
    <p class='ocr_par' dir='ltr' id='par_1_7' title="bbox 239 4254 1328 4360">
     <span class='ocr_line' id='line_1_33' title="bbox 239 4254 1328 4360; baseline -0.005 -47"><span class='ocrx_word' id='word_1_269' title='bbox 239 4257 395 4326; x_wconf 74' lang='lat' dir='ltr'>tquasoS</span> <span class='ocrx_word' id='word_1_270' title='bbox 446 4259 621 4326; x_wconf 85' lang='lat' dir='ltr'>8carpcrev</span> <span class='ocrx_word' id='word_1_271' title='bbox 690 4255 863 4360; x_wconf 59' lang='lat' dir='ltr'>ppescntiid</span> <span class='ocrx_word' id='word_1_272' title='bbox 928 4257 959 4311; x_wconf 78' lang='lat'>14</span> <span class='ocrx_word' id='word_1_273' title='bbox 977 4254 1169 4314; x_wconf 64' lang='lat' dir='ltr'>uindictam&amp;</span> <span class='ocrx_word' id='word_1_274' title='bbox 1231 4257 1262 4312; x_wconf 82' lang='grc'>17</span> <span class='ocrx_word' id='word_1_275' title='bbox 1281 4271 1328 4310; x_wconf 84' lang='lat' dir='ltr'>uos</span> 
     </span>
    </p>
   </div>
   <div class='ocr_carea' id='block_1_8' title="bbox 197 4367 1326 4595">
    <p class='ocr_par' dir='ltr' id='par_1_8' title="bbox 197 4367 1326 4595">
     <span class='ocr_line' id='line_1_34' title="bbox 197 4367 1326 4439; baseline -0.001 -16"><span class='ocrx_word' id='word_1_276' title='bbox 197 4385 279 4425; x_wconf 80' lang='lat' dir='ltr'>essee</span> <span class='ocrx_word' id='word_1_277' title='bbox 330 4371 364 4425; x_wconf 90' lang='grc'>20</span> <span class='ocrx_word' id='word_1_278' title='bbox 376 4368 532 4427; x_wconf 73' lang='lat' dir='ltr'>unctura</span> <span class='ocrx_word' id='word_1_279' title='bbox 582 4371 616 4426; x_wconf 97' lang='grc'>22</span> <span class='ocrx_word' id='word_1_280' title='bbox 628 4369 812 4439; x_wconf 67' lang='lat' dir='ltr'>uordguosam</span> <span class='ocrx_word' id='word_1_281' title='bbox 826 4369 879 4435; x_wconf 74' lang='lat' dir='ltr'>Ssr</span> <span class='ocrx_word' id='word_1_282' title='bbox 892 4387 962 4423; x_wconf 75' lang='lat' dir='ltr'>mcor.</span> <span class='ocrx_word' id='word_1_283' title='bbox 975 4369 1034 4436; x_wconf 86' lang='lat' dir='ltr'>alt.)</span> <span class='ocrx_word' id='word_1_284' title='bbox 1086 4369 1119 4424; x_wconf 86' lang='lat'>25</span> <span class='ocrx_word' id='word_1_285' title='bbox 1132 4367 1264 4437; x_wconf 84' lang='lat' dir='ltr'>profundo</span> <span class='ocrx_word' id='word_1_286' title='bbox 1276 4369 1326 4424; x_wconf 82' lang='lat' dir='ltr'>Kr.</span> 
     </span>
     <span class='ocr_line' id='line_1_35' title="bbox 197 4454 1251 4522; baseline -0.002 -10"><span class='ocrx_word' id='word_1_287' title='bbox 197 4457 231 4512; x_wconf 79' lang='lat'>26</span> <span class='ocrx_word' id='word_1_288' title='bbox 247 4455 391 4510; x_wconf 78' lang='lat' dir='ltr'>dimemm</span> <span class='ocrx_word' id='word_1_289' title='bbox 410 4457 433 4512; x_wconf 77' lang='lat' dir='ltr'><strong><em>S</em></strong></span> <span class='ocrx_word' id='word_1_290' title='bbox 484 4471 546 4510; x_wconf 89' lang='lat' dir='ltr'>eum</span> <span class='ocrx_word' id='word_1_291' title='bbox 564 4473 614 4512; x_wconf 81' lang='lat' dir='ltr'>cm.</span> <span class='ocrx_word' id='word_1_292' title='bbox 633 4475 650 4512; x_wconf 87' lang='lat' dir='ltr'>c</span> <span class='ocrx_word' id='word_1_293' title='bbox 701 4459 735 4512; x_wconf 80' lang='lat'>30</span> <span class='ocrx_word' id='word_1_294' title='bbox 753 4455 854 4510; x_wconf 88' lang='lat' dir='ltr'>filicum</span> <span class='ocrx_word' id='word_1_295' title='bbox 872 4457 933 4522; x_wconf 75' lang='lat' dir='ltr'>Ka,</span> <span class='ocrx_word' id='word_1_296' title='bbox 952 4454 1031 4509; x_wconf 84' lang='lat' dir='ltr'>ielicir</span> <span class='ocrx_word' id='word_1_297' title='bbox 1050 4456 1080 4522; x_wconf 74' lang='lat' dir='ltr'>S,</span> <span class='ocrx_word' id='word_1_298' title='bbox 1099 4454 1217 4509; x_wconf 84' lang='lat' dir='ltr'>felicium</span> <span class='ocrx_word' id='word_1_299' title='bbox 1235 4473 1251 4510; x_wconf 87' lang='lat' dir='ltr'><strong><em>v</em></strong></span> 
     </span>
     <span class='ocr_line' id='line_1_36' title="bbox 246 4545 1174 4595; baseline -0.002 0"><span class='ocrx_word' id='word_1_300' title='bbox 246 4551 382 4595; x_wconf 66' lang='lat' dir='ltr'>mrumst.</span> <span class='ocrx_word' id='word_1_301' title='bbox 1140 4545 1174 4593; x_wconf 72' lang='lat'>24</span> 
     </span>
    </p>
   </div>
   <div class='ocr_carea' id='block_1_9' title="bbox 0 0 1638 5142">
    <p class='ocr_par' dir='ltr' id='par_1_9' title="bbox 0 0 1638 5142">
     <span class='ocr_line' id='line_1_37' title="bbox 0 0 1638 5142; baseline 0 1"><span class='ocrx_word' id='word_1_302' title='bbox 0 0 1638 5142; x_wconf 95' lang='lat' dir='ltr'> </span> 
     </span>
    </p>
   </div>
  </div>
 </body>
</html>
