3268 5142
290 467 354 532 346
731 467 796 522 1111.
815 467 924 522 Sermo
942 472 983 525 31.

289 643 352 708 filio
376 647 407 708 et
429 643 461 708 in
485 643 596 726 spiritu
619 646 736 728 saneto,
759 644 818 710 hoe
840 645 941 710 uoluit
956 646 1108 712 mittendo
1123 647 1267 730 spiritum
1283 651 1429 712 sanctum

291 749 428 812 saluator
450 747 623 829 ostendere,
655 749 737 830 quod
768 749 914 814 eeclesias
938 769 1011 815 suas
1035 755 1067 815 et
1087 751 1234 816 uoluntas
1257 751 1307 815 dei
1327 751 1429 835 patris

290 851 469 916 aedificaret
498 855 529 916 et
557 852 661 935 passio
689 853 744 916 filii
771 853 938 918 redimeret
961 857 992 918 et
1014 855 1154 919 doctrina
1176 855 1276 920 saneti
1300 855 1429 938 spiritus

289 956 496 1022 confirmaret.
532 956 685 1038 quomodo
705 957 764 1022 hoo
779 959 906 1041 agnosei
922 958 1096 1023 euidentius
1111 961 1236 1042 potest?
1264 958 1428 1041 quemodo,

251 1061 352 1130 anisi
383 1061 456 1144 quia
485 1061 525 1124 ed
554 1059 801 1143 redemptionem
833 1065 972 1126 nostram
1002 1063 1078 1127 deus
1100 1067 1190 1145 pater
1212 1062 1311 1127 filium
1334 1081 1429 1127 snum

289 1165 384 1247 misit,
407 1165 489 1229 filius
513 1183 569 1230 nos
593 1183 650 1228 sue
671 1167 815 1248 passione
838 1167 982 1248 seiuauit,
1006 1167 1101 1232 fidem
1124 1171 1229 1233 eutem
1252 1167 1340 1232 nobis
1363 1169 1428 1251 spi-

288 1271 368 1334 ritus
399 1273 525 1334 sanetus
555 1269 740 1351 inspirarit?
786 1287 822 1334 ae
852 1270 898 1335 sie
928 1271 1012 1336 salus
1042 1271 1242 1336 ecelesiarum
1264 1271 1359 1336 totius
1381 1272 1427 1336 di·

288 1375 378 1439 uinae
408 1373 556 1439 trinitatis
587 1374 723 1456 operatio
754 1378 812 1439 est.
867 1375 967 1458 pietas
1002 1376 1087 1440 enim
1120 1376 1219 1460 petris
1252 1375 1427 1440 humanum

288 1497 386 1562 genus
417 1479 516 1562 perire
546 1478 655 1559 noluit,
687 1477 770 1543 filins
801 1498 858 1545 nos
891 1479 928 1544 de
958 1481 1084 1546 interitu
1111 1479 1268 1562 liberauit,
1298 1479 1427 1564 spiritns

237 1615 261 1654 ιο
288 1586 416 1648 sanetus
439 1583 478 1647 ed
501 1583 647 1648 caelestia
670 1601 727 1648 nos
749 1602 848 1668 regna
868 1584 1019 1668 perducit.

332 1689 382 1752 Ita
403 1691 510 1752 temen
533 1687 566 1752 in
589 1688 731 1771 spiritum
756 1693 898 1754 sanetum
921 1690 1047 1772 credite,
1074 1693 1109 1754 ut
1131 1707 1188 1754 neo
1210 1693 1331 1772 petrem
1354 1707 1428 1754 eum

287 1792 403 1876 putetis
427 1811 495 1856 esse
518 1809 575 1857 nee
598 1791 707 1874 filium,
731 1793 785 1857 sed
808 1793 953 1877 spiritum
975 1794 1071 1877 patris
1092 1797 1124 1858 et
1138 1793 1203 1858 filii.
1238 1797 1306 1859 tota
1320 1795 1427 1858 autem

287 1897 350 1962 ista
371 1896 494 1961 trinitas
518 1913 599 1960 unus
623 1896 698 1961 deus
722 1901 779 1962 est.
826 1897 913 1962 nulla
940 1897 983 1962 ibi
1011 1897 1237 1980 dissimilitudo,
1265 1898 1352 1964 nulla
1378 1897 1428 1962 di·

288 2001 365 2066 uisio
395 2003 453 2065 est.
500 2001 526 2066 si
549 2001 632 2065 enim
664 2001 802 2084 spiritus,
833 2002 886 2084 qui
915 2003 947 2066 in
970 2002 1096 2066 homine
1120 2007 1177 2084 est,
1208 2003 1305 2066 maior
1326 2003 1427 2085 ipsius

235 2137 260 2177 1⁵
286 2105 421 2170 hominis
444 2105 545 2189 portio
568 2109 625 2186 est,
649 2105 777 2187 spiritus
800 2105 849 2170 dei
871 2106 1024 2188 quomodo
1047 2106 1150 2172 minor
1169 2125 1238 2171 esse
1253 2106 1427 2170 credendus

287 2213 356 2274 est?
400 2209 507 2291 itaque
530 2211 656 2291 spiritus
679 2213 805 2274 sanetus
829 2229 886 2276 nee
908 2214 996 2294 pater
1019 2214 1068 2276 est
1089 2229 1147 2276 nee
1169 2210 1262 2292 fidus,
1286 2211 1339 2275 sed
1362 2211 1428 2294 spi-

285 2315 365 2379 ritus
387 2313 486 2398 patris
510 2331 546 2378 ae
569 2313 633 2378 filii.

330 2418 418 2500 Quod
445 2421 551 2483 autem
574 2420 700 2502 spiritus
723 2423 850 2484 sanetus
873 2420 971 2503 patris
995 2420 1122 2504 spiritus
1146 2421 1198 2500 sit,
1229 2419 1371 2485 dominus
1394 2424 1429 2484 et

286 2524 422 2588 saluatur
438 2526 544 2588 noster
560 2523 650 2588 duit:
674 2523 849 2607 spiritus,
873 2524 984 2606 inquit,
1008 2525 1070 2607 qui
1086 2528 1225 2607 epatre
1245 2523 1424 2607 procedit

232 2661 259 2700 ,ο
285 2628 367 2712 quod
397 2647 471 2693 uero
501 2628 583 2693 idem
615 2628 742 2711 spiritns
774 2632 899 2694 sanetus
924 2629 1018 2694 etiam
1040 2628 1096 2693 filii
1120 2630 1246 2713 spiritns
1269 2629 1320 2709 sit,
1350 2646 1427 2712 apo-

285 2734 385 2798 stolus
409 2733 522 2798 doeens
546 2733 634 2797 dieit:
667 2733 697 2797 si
725 2734 807 2814 quis
839 2734 1013 2816 spiritum
1037 2733 1180 2798 Christi
1204 2731 1425 2813 nonhabet,

285 2837 346 2902 hie
367 2855 439 2902 non
463 2840 520 2902 est
543 2837 632 2901 eins.
667 2837 750 2901 nude
774 2841 805 2901 et
827 2837 971 2902 dominus
994 2839 1025 2902 in
1051 2838 1212 2922 euangelio
1235 2841 1306 2920 post
1320 2855 1426 2902 resur-

285 2942 456 3007 rectionem
487 2960 578 3006 suam
608 2941 647 3006 ad
677 2941 843 3024 discipulos
875 2961 947 3006 suos
980 2944 1036 3006 ait:
1071 2947 1202 3007 euntes
1232 2942 1425 3025 baptizate

286 3065 412 3110 omnes
446 3050 577 3130 gentes
612 3047 648 3110 in
683 3047 829 3111 nomine
863 3048 980 3131 patris
1016 3051 1051 3112 et
1084 3048 1160 3112 filii
1194 3051 1229 3113 et
1263 3047 1424 3130 spiritus

233 3180 259 3220 rs
286 3152 419 3216 saneti.
464 3151 655 3232 innomine,
682 3151 793 3234 inquit,
824 3170 886 3217 non
916 3153 948 3216 in
972 3151 1160 3217 nominibus.
1206 3155 1294 3235 pater
1317 3152 1424 3234 itaque

286 3256 372 3337 deuo,
396 3255 478 3320 filius
502 3255 588 3338 deus,
612 3256 739 3338 spiritus
763 3260 891 3321 sanetus
915 3257 990 3320 deus
1013 3275 1075 3322 non
1098 3261 1161 3322 tres
1185 3257 1237 3337 dii,
1264 3256 1423 3320 sedunus

286 3360 361 3424 deus
385 3363 442 3424 est.
466 3377 599 3443 persone
622 3364 685 3424 tres
709 3361 826 3443 species
850 3361 970 3441 diuidit,
994 3360 1140 3426 diuinitus
1163 3360 1275 3444 iungit.
1321 3360 1422 3424 maius

285 3468 390 3529 antem
414 3468 469 3529 aut
491 3464 595 3528 minus
619 3465 742 3548 ignorat
764 3465 897 3546 trinitate,
933 3465 1031 3529 deitas
1059 3466 1168 3546 nescit,
1198 3465 1270 3546 quia
1297 3469 1338 3544 et,
1368 3465 1422 3546 qui

285 3570 361 3634 deus
393 3573 451 3650 est,
482 3587 543 3633 non
573 3572 677 3652 potest
706 3587 768 3633 non
799 3589 868 3634 esse
898 3569 1062 3652 perfectus.
1108 3569 1176 3634 ideo
1207 3573 1248 3650 et,
1278 3569 1421 3651 quinon

232 3699 258 3740 ro
285 3673 383 3738 eredit
411 3675 443 3739 in
474 3673 600 3739 nomine
630 3673 758 3756 spiritus
790 3675 898 3755 saneti,
929 3674 1006 3738 nihil
1037 3675 1065 3738 ei
1092 3673 1219 3757 prodest
1245 3679 1367 3758 patrem
1390 3679 1423 3739 et

283 3777 383 3842 filium
407 3777 555 3845 confiteri.

326 3883 408 3967 Ergo
439 3883 566 3966 spiritus
594 3886 721 3948 sanetus
743 3902 807 3948 una
829 3883 889 3947 fide
913 3882 1084 3947 credendus
1108 3887 1165 3964 est,
1195 3883 1262 3966 puri
1286 3885 1421 3948 tremore

283 3988 489 4052 uenerandns
525 4007 596 4052 eum
612 3987 740 4052 dixeris:
763 3991 862 4070 pater,
885 3987 966 4052 filius
983 3991 1015 4052 et
1038 3987 1165 4070 spiritus
1189 3991 1326 4067 sanetus
1348 4006 1420 4069 per-

283 4109 376 4156 sonas
393 4093 575 4174 explicuisti,
599 4110 671 4156 eum
695 4091 822 4156 dixeris:
847 4090 934 4174 deus,
959 4091 1166 4156 substantiam
1187 4092 1420 4156 demonstrasti.

388 4263 431 4332 19]
450 4263 541 4318 Iounu.
557 4267 596 4329 15,
610 4267 650 4320 26.
705 4265 751 4334 21]
770 4263 846 4317 Rom.
860 4266 884 4328 8,
898 4267 921 4319 9.
976 4263 1022 4332 23]
1041 4261 1191 4328 unimus,
1206 4266 1244 4319 19.

325 4421 408 4478 iheu
426 4423 453 4478 R
505 4421 643 4477 ecclesium
660 4423 688 4478 R
749 4420 854 4476 diuinae
872 4421 900 4476 R
917 4421 977 4487 (une
996 4421 1027 4475 iu
1044 4423 1109 4488 rus.)
1173 4422 1204 4476 lo
1221 4419 1421 4489 superduxit?
