3222 5144
610 497 675 556 ῙΠΙ.
695 499 805 557 Sermo
822 500 864 558 21.
1244 498 1306 569 307

167 675 333 742 Beniamin
349 677 517 744 auferendo
532 664 631 762 ipsius
646 679 744 762 patris
761 681 809 743 sui
825 678 986 763 angustias
1010 679 1192 744 cumulauit.
1231 679 1308 743 haee

167 783 262 863 enim,
292 783 405 848 fratres
436 783 599 864 carissimi,
630 784 658 847 si
687 783 821 848 fideliter
852 783 1067 864 adtendamus,
1099 803 1171 847 eum
1196 784 1309 868 grandi

166 887 379 952 misericordia
413 887 575 952 dominum
609 887 721 952 iecisse
752 903 987 972 cognoscamus.
1028 888 1066 952 ab
1102 889 1189 953 initio
1224 889 1307 953 enim

167 991 276 1055 mnndi
299 992 331 1056 in
347 993 465 1056 sanetis
481 991 619 1056 exercuit
633 993 722 1072 deus,
746 992 827 1074 quod
843 993 875 1056 in
891 991 984 1057 beato
998 991 1092 1057 Iacob
1109 1011 1181 1057 cum
1197 993 1308 1076 mandi

166 1095 283 1176 pietate
306 1096 473 1178 conpleuit.
1347 1125 1360 1163 a

210 1197 272 1264 Sed
301 1199 359 1264 hoo
390 1218 485 1282 quare
516 1201 558 1264 sIt
586 1201 721 1281 lactum,
756 1200 921 1286 diligenter
951 1201 1119 1265 adtendite.
1162 1202 1308 1283 quamuis

167 1303 251 1368 enim
282 1305 365 1368 serui
393 1309 424 1368 et
447 1305 538 1369 amici
561 1305 610 1368 dei
633 1305 780 1388 capitella
802 1305 933 1369 erimina
955 1306 1126 1370 uitauermt
1149 1309 1181 1369 et
1208 1306 1309 1369 multa

165 1425 262 1490 opera
290 1408 373 1473 bona
402 1409 544 1490 iecerint,
574 1413 680 1474 temen
713 1411 779 1474 sine
810 1410 939 1475 minutis
968 1411 1105 1493 peccatis
1129 1428 1181 1474 eos
1211 1410 1309 1474 inleso

166 1531 229 1578 non
245 1513 413 1594 credimus,
433 1515 583 1595 quianon
604 1515 755 1578 mentitur
771 1514 834 1594 ille,
854 1515 907 1596 qni
923 1515 1013 1579 dixit:
1037 1533 1107 1578 non
1131 1517 1188 1578 est
1211 1515 1308 1578 euim

167 1617 334 1681 inmunis
365 1635 383 1681 a
411 1622 564 1700 peccato
594 1636 660 1682 nec
690 1618 833 1698 intona,
868 1619 972 1682 cuins
1008 1623 1064 1682 est
1093 1619 1204 1682 unius
1235 1619 1308 1682 diei
1337 1645 1361 1684 ιο

166 1722 245 1786 uita
281 1739 346 1785 sna
380 1741 491 1804 super
522 1727 670 1786 terram.
710 1726 742 1786 et
771 1719 881 1786 boatus
912 1722 1070 1786 Iohannes
1102 1723 1308 1806 euangelista,

165 1826 219 1907 qni
249 1813 374 1908 utique'
388 1827 506 1890 meritis
537 1845 599 1891 non
623 1831 690 1891 erat
712 1827 838 1890 interior
861 1831 970 1890 sancto
993 1827 1059 1906 Iob,
1090 1827 1247 1890 clamabat
1277 1831 1309 1890 et

166 1929 257 1994 dicit:
282 1930 312 1992 si
335 1929 550 1994 dixerimus:
575 1934 730 2013 peccata
753 1948 823 1994 non
847 1930 1040 2010 habe-mua,
1067 1931 1138 2013 ipsi
1163 1948 1228 1994 nos
1251 1931 1309 1994 de-

165 2035 325 2115 cipimus
349 2039 385 2098 et
408 2035 548 2098 ueritas
572 2034 607 2098 in
631 2033 738 2098 nobis
761 2052 832 2098 non
855 2039 927 2114 est,
960 2038 991 2098 et
1012 2035 1100 2114 illud,
1128 2035 1210 2116 quod
1234 2034 1309 2098 alibi

166 2139 318 2221 scriptum
349 2142 411 2201 est:
445 2139 568 2202 iustus
599 2139 740 2221 septies
770 2139 807 2202 in
838 2138 896 2202 die
927 2139 1029 2202 cadit
1063 2141 1099 2202 et
1132 2140 1306 2222 resurgit.
1337 2166 1361 2204 n

166 2243 250 2325 quia,
280 2243 362 2306 sicut
384 2261 458 2326 crgo
480 2243 543 2307 iam
575 2243 691 2307 dictum
723 2249 781 2323 est,
812 2243 880 2306 sino
911 2243 979 2307 lette
1011 2244 1141 2307 minutis
1171 2245 1309 2324 peccatis

167 2345 261 2412 Iacob
286 2365 355 2412 esse
377 2365 440 2410 non
463 2348 574 2430 potuit,
598 2347 707 2411 nolens
728 2347 803 2411 deus
820 2365 919 2431 parua
933 2351 1062 2430 peccata
1077 2349 1108 2410 in
1125 2348 1184 2410 hoc
1200 2352 1308 2412 sancto

167 2451 379 2516 tribulationis
401 2451 473 2534 igne
496 2469 681 2516 consumere
705 2453 804 2533 inplet
827 2453 858 2514 in
883 2469 928 2531 eo,
952 2452 1033 2534 quod
1058 2451 1124 2533 ipse
1147 2471 1203 2533 per
1219 2451 1309 2534 spiri-

167 2559 235 2620 tum
260 2561 406 2620 sanctum
429 2556 518 2620 dixit:
550 2573 641 2620 uasa
668 2555 780 2639 figuli
810 2556 943 2638 probat
973 2556 1102 2619 fornax
1134 2559 1170 2618 et
1196 2555 1309 2618 homi-

168 2679 232 2723 nes
263 2661 384 2724 iustos
415 2661 613 2742 temptatio
643 2659 921 2738 tribulationis,
953 2663 985 2723 et
1008 2659 1098 2723 illud:
1130 2659 1309 2742 flagellat
1334 2683 1361 2722 ao

168 2763 259 2827 deus
282 2781 428 2828 omnem
451 2764 587 2844 lilium,
611 2783 717 2846 quem
741 2764 886 2846 diligit,
910 2767 941 2828 et
963 2764 1055 2828 illud:
1082 2763 1309 2844 permultas

167 2867 438 2932 tribulationes
469 2871 618 2950 oportet
647 2885 712 2932 nos
743 2869 886 2931 intrare
917 2868 954 2931 in
984 2885 1138 2950 regnum
1168 2867 1235 2930 dei.
1274 2869 1310 2930 ut

169 2991 243 3055 ergo
266 2975 410 3036 sanctum
433 2971 526 3036 Iacob
550 2973 627 3036 deus
650 2975 757 3036 noster
779 2973 868 3036 uelut
891 2989 1003 3035 aunum
1018 2975 1187 3054 purgatum
1203 2971 1309 3034 futuro

168 3077 281 3140 indicio
303 3079 528 3158 praesentaret,
558 3077 645 3159 prins
668 3075 707 3140 ab
732 3075 784 3140 illo
807 3093 916 3140 omnes
940 3075 1079 3138 maculas
1111 3079 1309 3156 pcccatorum

169 3181 329 3261 abstersit,
360 3185 395 3244 ut
417 3182 449 3244 in
472 3198 508 3244 eo
531 3181 614 3263 ignis
646 3181 697 3244 ille
728 3181 853 3260 arbiter,
881 3181 962 3263 quod
991 3184 1142 3259 exureret,
1170 3179 1309 3242 inuenire
1336 3205 1362 3244 se

169 3301 232 3348 non
255 3289 371 3368 posset.

213 3389 245 3456 Si
261 3389 428 3472 diligenter
443 3389 661 3468 adtendamus,
685 3390 797 3453 tratres
813 3389 977 3468 carissimi,
993 3388 1075 3470 quod
1091 3405 1166 3470 erga
1181 3388 1310 3451 beatum

170 3492 265 3558 Iacob
298 3493 392 3558 deum
415 3493 528 3558 fecisse
551 3493 717 3573 credImus‚
748 3493 807 3556 hoc
837 3493 930 3556 etiam
954 3492 1065 3574 Ioseph
1089 3493 1169 3555 circa
1198 3492 1309 3555 babes

274 3657 304 3727 o]
316 3657 365 3711 101>
379 3660 419 3722 15,
433 3659 474 3712 15.
512 3655 691 3726 rarrnama
703 3659 725 3720 1,
736 3659 760 3712 s.
798 3657 1044 3726 15]Prou.24,1c.
1083 3655 1309 3725 immorans

170 3744 216 3814 ao]
234 3743 317 3799 nour.
332 3747 372 3808 12,
385 3746 410 3800 o.
463 3743 510 3813 21]
530 3743 588 3798 let.
604 3746 645 3809 14,
657 3746 699 3800 21.

216 3899 365 3955 lbeiamin
382 3900 412 3955 D
482 3900 606 3968 angustia
625 3901 654 3954 D
723 3897 946 3954 amiserioordia
968 3900 997 3953 D
1067 3897 1206 3950 dominum
1229 3898 1310 4001 drop,

169 3993 217 4068 dii
240 4013 270 4068 D
340 4011 426 4068 (ised
444 4011 463 4083 ill
480 4013 510 4068 D
532 4013 602 4080 (erat
624 4013 652 4066 in
674 4014 705 4067 ia
727 4013 793 4078 ras.)
863 4011 1021 4066 'Ieremina
1037 4011 1068 4066 D
1137 4009 1265 4064 nitauorit
1282 4011 1312 4066 D

170 4100 411 4170 compernem
477 4103 509 4156 10
527 4099 691 4154 inmoniaD
761 4097 852 4170 dieD
924 4101 953 4154 ll
974 4097 1077 4152 uith
1141 4097 1312 4152 iohannisD

171 4186 276 4256 aunan?
294 4187 324 4243 D
378 4189 410 4243 12
428 4185 508 4241 Iacob
526 4187 599 4257 dap.
653 4185 834 4256 clamatAap.
885 4187 917 4240 14
930 4183 994 4238 alibi
1012 4183 1079 4236 illud
1098 4199 1116 4253 q
1134 4185 1163 4240 D
1217 4187 1248 4240 17
1268 4183 1311 4238 su>

172 4273 208 4342 D,
226 4273 415 4344 saeculoAap.
470 4275 503 4330 18
521 4273 727 4344 impleuItAop.
781 4275 816 4328 20
834 4269 990 4340 flagillatD
1042 4273 1075 4326 22
1088 4269 1269 4326 tribulationis
1282 4270 1312 4325 D

171 4361 204 4416 28
222 4360 379 4431 purgatum]
398 4360 427 4414 ln
444 4361 508 4416 add.
522 4363 593 4432 Aup.
665 4363 699 4416 24
717 4361 898 4429 praesentaret
916 4360 996 4429 dap,
1015 4359 1118 4428 peteret
1136 4360 1166 4414 D
1216 4360 1250 4414 25
1268 4373 1311 4411 ex-

171 4451 260 4502 araret
277 4449 359 4519 dap,
377 4449 502 4517 exuperat
519 4447 550 4502 D
601 4449 636 4503 26
652 4447 738 4518 possit
755 4446 785 4502 D

1104 4533 1155 4584 20*
