3264 5134
653 485 748 539 Liber
764 485 794 540 Π
812 490 836 542 9.
1269 487 1307 550 81

177 659 393 742 subsequatur.
431 660 463 725 in
490 661 691 743 persuasione
717 661 1007 743 praedestinationis
1030 662 1120 726 facile
1143 660 1310 726 declinabi-

177 767 226 828 tur
248 782 333 828 error
355 764 516 846 accedens,
548 765 575 830 si
606 765 815 850 interrogetur
837 783 931 830 cause
956 765 1154 850 praecedens.
1193 767 1310 847 inqui-

89 871 94 882 '
176 866 346 933 rentibus
370 886 454 952 ergo
478 887 515 932 se
538 873 797 934 remunerator
820 869 878 934 lit:
910 888 983 934 cum
1005 888 1120 953 magno
1143 869 1231 934 deest
1252 869 1310 933 cri-

177 973 259 1037 mine
282 990 344 1037 non
368 974 540 1055 quaerenti,
564 973 616 1055 qui
639 973 725 1042 dedit
747 973 829 1038 unde
852 973 951 1056 possit
973 974 1096 1057 inquiri.

218 1075 349 1157 Qualem
378 1081 588 1161 quantamque
618 1073 711 1142 homo
742 1095 760 1142 a
789 1079 845 1142 deo
875 1078 978 1162 legem
1007 1079 1108 1162 prime
1134 1079 1348 1143 conditiones

176 1182 354 1266 susceperit,
384 1183 523 1266 perlecta
554 1183 648 1247 etiem
670 1181 736 1247 Noe
766 1183 888 1246 iustitie
914 1183 1092 1263 destertuit,
1122 1183 1195 1265 quia
1217 1202 1310 1266 gene-

176 1287 251 1350 ralia
273 1285 344 1352 fidei
367 1287 448 1352 dona
471 1287 598 1370 speciali
620 1287 653 1350 in
677 1305 709 1352 se
730 1287 832 1351 studio
848 1287 1000 1352 uirtutum
1017 1289 1151 1351 sectator
1166 1287 1308 1351 excoluit.

176 1391 261 1454 cuius
291 1393 431 1473 tempore
462 1409 534 1456 eum
564 1391 752 1474 corrupisset
774 1392 874 1456 omnis
898 1409 969 1456 caro
991 1391 1077 1455 uiam
1101 1409 1189 1455 suam
1217 1409 1310 1475 super

175 1497 300 1574 terrem,
324 1494 482 1559 damnatio
505 1499 612 1559 secuta
634 1513 696 1559 non
720 1497 812 1576 esset,
836 1495 896 1560 nisi
918 1495 1140 1578 praeuaricatio
1164 1514 1200 1560 er
1227 1495 1309 1558 arbi-

175 1599 234 1662 trio
257 1598 393 1663 bominis
415 1599 645 1683 praecessisset.
684 1599 764 1663 sicut
793 1617 866 1683 ergo
893 1599 985 1682 culpa
1006 1617 1139 1682 poenam
1163 1601 1308 1678 merctur,
1337 1622 1362 1660 ιο

174 1703 217 1766 ita
239 1703 365 1786 culpam
387 1721 487 1785 poena
509 1706 653 1784 testatur,
677 1703 756 1785 quae
778 1721 834 1786 pro
857 1703 1014 1786 aequitate
1036 1703 1239 1768 moderatoris
1262 1703 1309 1766 in·

175 1806 282 1870 1111111.
321 1807 397 1871 dum
426 1811 531 1872 antem
562 1807 637 1872 dicit
666 1825 767 1872 sermo
800 1807 938 1872 diuinus:
969 1807 1087 1871 omnis
1118 1825 1202 1872 earo
1233 1824 1309 1871 eor·

174 1914 327 1994 ruperat
348 1911 446 1975 uiam
470 1929 588 1992 suam,
611 1912 788 1994 iniquitates
808 1911 891 1976 illius
911 1911 1058 1994 temporis
1079 1930 1142 1976 non
1157 1911 1308 1994 inpositae

175 2013 360 2096 definitioni,
394 2015 449 2079 sed
482 2016 676 2080 uoluntariae
709 2016 833 2099 inputat
865 2015 1021 2099 prauitati.
1067 2015 1170 2099 legem
1204 2015 1308 2097 itaque

174 2119 296 2183 litterae
326 2117 443 2202 absque
472 2118 565 2184 dubio
597 2115 739 2184 caelestis
762 2119 951 2203 dispensatio
979 2136 1041 2183 non
1072 2119 1217 2199 dedisset,
1248 2119 1309 2182 nisi
1336 2141 1361 2180 11

174 2221 278 2308 legem
301 2227 430 2288 naturae
461 2223 692 2306 interpellasset
714 2241 813 2306 usque
843 2223 883 2287 ad
912 2224 991 2287 irem
1022 2223 1130 2286 diluuii
1160 2223 1309 2306 perducta

175 2327 390 2412 transgressio.
429 2326 558 2409 ideoque
574 2327 651 2392 haee
666 2329 715 2392 lex
729 2327 843 2409 Moysi,
867 2345 945 2409 quae
961 2327 1062 2410 prima
1078 2327 1222 2407 creditur,
1245 2327 1308 2390 iam

175 2431 311 2494 secunda
333 2435 390 2496 est.

216 2533 304 2619 Opus
328 2535 432 2618 itaque
455 2537 605 2600 naturalis
627 2537 705 2620 legis
728 2537 761 2600 in
784 2535 928 2600 cordibus
944 2535 1107 2600 hominum
1123 2536 1220 2600 fuisse
1235 2553 1308 2600 con-

176 2639 326 2722 scriptum
349 2641 443 2704 etiam
466 2639 666 2705 beatissimus
682 2640 820 2724 pontifex
835 2639 1032 2724 Augustinus
1049 2640 1227 2704 doctissimo
1244 2659 1308 2704 ser·
1334 2663 1359 2701 no

177 2759 266 2808 mone
283 2744 480 2828 prosequitur
495 2744 542 2810 ite
557 2745 676 2809 dicens:
700 2748 896 2826 utrumque
912 2744 1025 2809 simul
1038 2744 1156 2808 eurrit
1177 2743 1214 2808 in
1236 2743 1307 2808 isto

176 2847 281 2912 alueo
305 2851 415 2930 atque
442 2851 611 2913 torrente
633 2849 784 2933 generis
807 2848 971 2929 humani,
999 2847 1150 2928 melum,
1174 2848 1309 2930 quoda

175 2953 327 3034 parente
348 2951 527 3033 trahitur,
552 2956 587 3017 et
608 2952 759 3034 bonum,
783 2953 879 3036 quod
902 2971 921 3017 1
943 2956 1095 3017 creante
1117 2950 1306 3016 tribuitur.

175 3054 247 3120 item
263 3055 380 3120 nullius
403 3057 518 3140 quippe
541 3058 652 3121 uitium
675 3057 719 3122 ite
741 3061 851 3122 eontra
872 3059 1017 3121 naturam
1041 3059 1099 3138 est,
1121 3059 1157 3121 ut
1179 3059 1308 3121 naturae

175 3159 274 3224 deleat
293 3161 388 3225 etiam
403 3165 542 3226 extrema
556 3163 700 3246 uestigia.
739 3179 813 3226 uam
828 3161 901 3226 binc
917 3165 974 3242 111,
997 3161 1079 3243 quod
1103 3161 1197 3226 etiem
1221 3161 1308 3244 impii
1334 3185 1359 3224 aa

175 3265 311 3348 cogitant
333 3269 458 3330 aeterna
481 3283 517 3330 ac
539 3266 747 3349 praedicande
769 3266 863 3330 etiem
884 3265 1086 3347 inpraesenti
1102 3265 1225 3330 saeculo
1241 3265 1309 3328 iure

175 3369 367 3434 constituunt
385 3372 417 3433 et
431 3370 532 3434 multa
545 3374 629 3434 recte
645 3370 875 3453 reprehendunt
889 3373 1033 3452 recteque
1047 3370 1176 3434 laudaut
1197 3369 1230 3433 in
1252 3368 1308 3433 bo-

176 3471 293 3538 minum
317 3473 464 3538 moribus.
504 3473 615 3557 quibus
639 3491 675 3539 ee
697 3474 825 3540 tandem
847 3474 962 3557 regulis
985 3473 1123 3538 iudicant
1141 3473 1201 3538 nisi
1217 3476 1307 3538 natu-

175 3575 301 3660 ralibus,
318 3577 349 3642 in
362 3576 474 3660 quibus
487 3578 606 3659 uident,
621 3597 716 3660 quem
732 3578 770 3642 ad
785 3578 912 3642 modum
926 3577 1056 3661 quisquo
1068 3577 1173 3642 uiuere
1185 3575 1307 3657 debeat,

175 3680 267 3746 etiam
297 3682 325 3746 si
354 3700 412 3746 neo
434 3681 492 3766 ipsi
515 3683 623 3748 eodem
647 3682 737 3748 modo
759 3683 889 3748 uiuant?
926 3683 1007 3766 quod
1029 3685 1061 3748 et
1083 3681 1241 3766 apostolus
1269 3680 1308 3744 ad
1333 3707 1360 3747 oo
1425 3767 1426 3772 ἵ
1521 3680 1525 3688 ’

276 3843 502 3915 1111

219 3993 537 4064 lpraediatiuetionisP
587 3994 784 4050 aestuans?
833 3997 931 4064 aergo
948 4011 1029 4051 11111
1080 3993 1147 4050 sito
1198 3993 1307 4063 magno]

172 4081 345 4136 aeneades
396 4081 527 4150 dquiao
579 4081 661 4151 unde]
680 4083 849 4138 deubaldo
901 4080 1141 4150 5quanta3quaeP
1191 4081 1307 4136 6111111-
1364 4131 1369 4148 ,

168 4167 243 4238 perit
260 4169 287 4224 P
366 4171 432 4224 'lae
450 4185 585 4240 etepraeeu
605 4170 641 4225 P¹
725 4171 755 4226 ll
780 4168 859 4239 culpe
875 4185 1022 4239 poenamo
1103 4169 1136 4222 14
1158 4167 1263 4237 itaquae
1282 4169 1310 4222 P

172 4259 207 4312 15
231 4255 343 4324 absquae
362 4256 390 4311 P
471 4259 502 4313 17
526 4255 652 4326 ideoquae
669 4256 698 4311 P
778 4259 811 4313 19
833 4257 939 4324 itaquae
958 4257 986 4310 P
1064 4257 1098 4312 20
1125 4255 1263 4324 agustinus
1281 4255 1310 4309 P

171 4345 206 4399 21
228 4345 385 4413 utrumquae
404 4345 431 4399 P
493 4345 527 4400 22
545 4343 646 4412 adquae
664 4345 693 4398 P
752 4345 786 4400 25
808 4343 859 4412 111]
878 4347 938 4399 eto
1000 4343 1033 4398 22
1052 4341 1264 4413 repraehendent
1281 4343 1309 4396 P

170 4432 312 4499 rectequae
330 4430 359 4484 P
408 4433 442 4486 29
461 4429 696 4500 quemammodum
715 4433 743 4486 P
793 4431 919 4500 quisquae
937 4431 965 4486 P
1020 4431 1054 4486 30
1071 4432 1099 4483 et
1114 4447 1249 4500 mapsam
1269 4429 1306 4482 Ρ1

226 4525 365 4568 111111.
1135 4521 1151 4568 d
