3290 5152
500 436 615 490 Fausti
635 439 780 508 episcopi
800 438 837 492 de
856 441 985 494 ratione
1007 397 1097 494 fidei.
1304 444 1369 510 4ὀό

225 633 293 674 suas
310 614 340 672 in
357 581 448 690 gloiia
464 617 640 676 diuinitatis:
665 619 792 690 omniur,
816 619 919 693 iuquit,
943 638 1029 694 quae
1044 623 1143 694 pater
1158 623 1275 694 habet,
1300 641 1371 682 urea

226 725 319 792 sunt,
343 723 408 780 dum
425 723 494 782 dioit
508 723 612 794 omnia,
636 723 708 782 nihil
724 723 770 782 hie
785 724 911 798 reliquit,
932 744 987 800 quo
1004 727 1099 784 minus
1115 727 1232 786 baberet
1247 745 1264 786 a
1278 733 1370 803 patre.

226 829 332 898 omnia,
349 829 443 899 idest,
460 828 547 886 unius
560 829 674 888 deitatis
687 831 854 904 potentiam,
871 831 1073 900 substantiam,
1090 832 1276 892 maiestatem.
1305 835 1370 908 quis

227 952 290 994 erum
302 935 439 994 minorem
453 935 544 993 dicore
558 953 615 994 nou
628 936 785 1007 tremiscat,
798 937 846 1010 qui
859 953 889 995 sa
902 937 974 1011 patri
989 939 1162 1012 generaliter
1174 941 1203 997 et
1214 956 1265 1013 per
1277 941 1373 999 omnia

225 1041 367 1100 ueridieus
390 1040 475 1098 tostis
499 1044 645 1114 exaequat,
671 1041 747 1099 sieut
769 1042 802 1100 de
825 1059 857 1100 oo
880 1043 1061 1116 euangelista
1081 1043 1265 1116 pronuntiat:
1297 1045 1372 1104 ideo
1411 1069 1424 1108 a

225 1145 390 1207 uolebant
406 1163 477 1205 euru
493 1147 610 1206 ludaei
628 1145 851 1217 interlicere,
872 1148 953 1221 quia
968 1149 1098 1221 patrem
1119 1166 1215 1206 snum
1235 1149 1373 1209 dicebat
1460 1129 1461 1134 ἵ

226 1252 322 1309 deum
339 1251 516 1326 aequalem
530 1268 565 1310 se
577 1250 712 1310 iaciens
724 1252 798 1321 deo,
814 1254 843 1310 et
855 1253 888 1310 ad
901 1252 1117 1326 Philippenses:
1133 1269 1201 1312 non
1213 1255 1370 1328 rapinam

226 1357 422 1416 arbitratus
439 1337 583 1416 estesse
599 1373 634 1414 se
650 1355 825 1430 aequalem
841 1357 914 1428 deo,
930 1357 957 1414 id
974 1361 1028 1427 est,
1045 1357 1245 1432 aequalitatem
1262 1359 1369 1418 diuini-

226 1461 306 1532 tatis,
330 1479 414 1536 quam
437 1461 552 1521 rebellis
575 1462 696 1537 angelus
719 1477 864 1520 assumere
887 1462 978 1520 uoluit
1000 1479 1051 1536 por
1073 1462 1213 1538 rapinam,
1238 1463 1368 1522 Christus

223 1566 356 1640 possidet
370 1584 421 1641 per
436 1569 578 1626 naturam.
1291 1549 1298 1560 ’
1396 1593 1420 1632 m

270 1671 339 1729 Cum
360 1688 426 1746 ergo
446 1671 537 1729 credis
557 1670 592 1741 ei,
616 1689 679 1730 oum
700 1687 730 1730 se
750 1672 782 1730 iu
801 1671 925 1730 hominis
945 1672 1108 1730 substantia
1131 1672 1199 1730 dieit
1218 1673 1368 1744 minorem,

227 1777 308 1834 crede
320 1776 356 1844 ei,
373 1793 436 1834 enm
449 1793 480 1834 se
495 1776 526 1834 in
542 1775 705 1834 diuinitatis
718 1776 882 1835 substantia
893 1755 1041 1850 profitetur
1053 1777 1207 1850 aequalem.
1236 1777 1368 1852 loquatur

225 1879 301 1938 lilius
316 1880 454 1939 hominis:
471 1883 583 1955 pater,
600 1880 705 1955 inquit,
721 1881 826 1939 maior
841 1897 889 1940 me
905 1883 970 1951 est,
988 1881 1119 1955 loquatur
1134 1881 1210 1939 lilius
1227 1883 1285 1940 dei:
1307 1900 1367 1958 ego

223 1988 257 2043 et
271 1989 371 2059 pater
386 2003 488 2045 unum
504 2003 630 2045 sumus.
658 1987 740 2060 quasi
756 1986 837 2045 homo
854 1986 953 2056 esurit,
970 1987 1053 2060 quasi
1068 1988 1137 2046 deus
1150 1986 1276 2061 quinque
1288 1987 1368 2047 milia

225 2089 412 2164 esurientium
432 2091 558 2164 quinque
573 2091 696 2164 panibus
712 2091 846 2164 obsequio
866 2093 1012 2150 creaturae
1032 2108 1100 2150 suae
1120 2092 1251 2150 exsatiat.
1283 2093 1365 2166 quasi
1394 2114 1419 2153 rs

226 2195 306 2254 homo
323 2196 355 2254 in
367 2211 448 2255 omoe
460 2196 575 2270 pendet,
591 2195 673 2269 quasi
685 2197 754 2254 dens
766 2195 797 2253 in
809 2195 972 2270 paradisum
984 2196 1017 2254 ds
1030 2213 1112 2254 ornos
1124 2196 1263 2254 latronem
1275 2197 1367 2271 gestis

224 2317 400 2374 peromnem
420 2301 556 2366 mundum
576 2300 758 2373 loquentibus
779 2300 935 2358 introducit
950 2300 1060 2370 dicens:
1082 2317 1178 2358 amen
1194 2301 1268 2360 dieo
1291 2301 1364 2361 tihi.

223 2405 322 2464 hodie
344 2413 471 2464 metum
495 2405 565 2462 eris
589 2405 624 2463 in
646 2405 818 2478 paradiso.
858 2421 912 2478 qno
933 2407 1059 2480 tempore
1079 2421 1181 2478 eorpus
1205 2404 1311 2464 domini
1334 2405 1365 2464 iu

222 2509 331 2570 tumulo
347 2507 413 2580 init,
429 2509 572 2568 animuin
589 2507 713 2580 inferno,
730 2509 868 2568 diuinitas
884 2509 914 2567 in
931 2509 1062 2583 paradiso
1078 2511 1107 2567 et
1122 2509 1153 2567 in
1169 2509 1244 2568 eaelo
1261 2509 1365 2584 ubique

223 2613 301 2672 intra
316 2631 347 2672 se
362 2613 458 2673 omnia
473 2612 697 2688 supereminenti
714 2613 873 2672 maiestatis
890 2613 1082 2672 immensitate
1097 2613 1297 2687 complectens.
1390 2635 1416 2675 ao

265 2719 425 2777 Secundum
444 2718 586 2777 hominem
601 2718 695 2777 minor
714 2718 827 2788 dieitur,
851 2719 963 2792 qnando
983 2717 1240 2792 comprehenditur,
1264 2717 1362 2793 flagel-

222 2821 306 2892 latur,
322 2808 509 2898 crucifigitur,
525 2822 654 2892 moritur,
672 2821 818 2897 sepelitur,
835 2823 990 2881 seeundum
1006 2824 1087 2880 deum
1103 2839 1153 2896 per
1165 2823 1301 2881 uirtutem
1317 2840 1361 2881 re·

221 2926 408 2986 surrectionis
423 2927 455 2986 in
470 2927 604 2986 caelestia
620 2926 799 2998 sublimatus,
820 2927 903 3001 qnasi
918 2926 1000 2986 homo
1016 2929 1149 3002 suscepta
1164 2929 1263 2997 morte,
1280 2928 1361 3001 quasi

221 3033 289 3091 dens
311 3049 397 3106 super
417 3035 543 3092 mortem.
575 3032 729 3090 secundum
748 3033 823 3090 hano
842 3031 969 3106 regulam
985 3032 1064 3091 modo
1084 3049 1191 3106 pauper
1206 3034 1260 3102 est,
1281 3033 1361 3091 modo

221 3137 310 3207 diues,
327 3137 407 3196 modo
422 3136 525 3206 minor,
541 3137 620 3195 modo
636 3135 774 3210 aequalis,
790 3138 871 3195 modo
887 3135 1028 3207 dominus,
1044 3137 1124 3196 modo
1140 3153 1250 3194 seruus.
1388 3159 1413 3198 as

263 3241 344 3299 Tune
363 3258 430 3316 ergo
445 3241 538 3300 minor
553 3243 634 3315 patre
654 3242 795 3312 credatur,
819 3242 931 3314 quando
952 3240 1116 3316 angelorum
1132 3239 1261 3299 eonditor
1275 3241 1360 3314 paulo

220 3345 315 3404 minus
335 3348 370 3404 ab
391 3346 502 3421 angelis
522 3346 692 3417 minoratur,
715 3346 790 3405 sieut
809 3346 841 3404 in
856 3349 956 3405 ootauo
971 3345 1079 3420 psalmo
1095 3345 1230 3420 legimus:
1254 3345 1359 3404 mino·

324 3531 559 3600 l]10aun.16,15.
614 3531 642 3600 5]
654 3531 745 3586 Ioaun.
757 3535 781 3596 5,
793 3535 832 3588 18.
881 3531 908 3600 7]
926 3531 995 3585 Phil.
1006 3535 1030 3596 2,
1041 3535 1064 3586 6.
1116 3531 1158 3600 13]
1170 3531 1357 3594 Ioeurr.lt,28.

218 3617 311 3672 Ioanu,
326 3621 367 3682 10,
380 3621 421 3673 30.
479 3618 522 3688 17]
542 3617 605 3672 Luc.
618 3621 661 3682 23,
673 3621 715 3674 43.
768 3619 814 3688 27]
833 3617 932 3672 Psalm.
946 3623 969 3681 8,
984 3621 1007 3674 7.

261 3791 449 3862 aquodnup.
503 3792 807 3862 lcoutremisoatdup.
862 3791 1058 3848 5uiudieusS
1108 3791 1236 3846 dludaei
1254 3807 1314 3844 eum
1332 3793 1360 3847 P

217 3882 234 3935 8
253 3895 308 3932 esse
326 3897 376 3935 our.
391 3881 418 3933 P
468 3883 483 3934 9
503 3883 536 3948 cf.
550 3880 676 3934 Breuior.
688 3897 715 3949 p.
729 3883 795 3935 226:
813 3878 858 3932 ille
876 3896 946 3948 ergo,
965 3879 1010 3948 qui
1028 3877 1143 3932 habebat
1160 3877 1356 3945 aequalitatem,

217 3981 270 4018 non
289 3969 329 4018 est
347 3964 491 4020 arbitratus
509 3982 556 4034 per
575 3965 704 4036 rapinam,
723 3965 769 4020 sed
788 3983 867 4034 quarn
884 3965 991 4019 rebellis
1004 3965 1113 4034 angelus
1126 3981 1259 4018 assumere
1272 3965 1357 4019 uoluit

201 4035 205 4048 ’
216 4067 264 4120 per
277 4052 405 4121 rapinam,
418 4052 540 4108 Christus
553 4052 670 4122 possedit
682 4069 729 4122 par
742 4057 864 4108 naturam
920 4057 951 4108 10
963 4051 1081 4122 possedit
1092 4055 1163 4122 Aup.
1220 4056 1250 4108 ll
1265 4053 1356 4106 eredas

217 4141 288 4210 Any.
345 4142 376 4194 14
395 4142 429 4208 ef.
444 4140 647 4209 Pitrap.157:
665 4141 740 4209 quasi
758 4140 838 4194 horno
857 4139 947 4204 esurit,
966 4140 1040 4208 quasi
1059 4138 1123 4193 deus
1142 4139 1356 4208 quinquemillia

216 4225 389 4280 esurientium
418 4226 596 4281 orassentibus
624 4226 690 4281 cibis
718 4227 846 4282 interiora
872 4227 1035 4280 sumentium
1065 4225 1191 4294 obsequio
1220 4229 1355 4281 ereaturae

217 4313 356 4368 seruientia
374 4313 486 4368 exsatiat
552 4317 583 4370 19
602 4315 630 4368 in
649 4313 720 4368 caelo
739 4319 766 4368 et
784 4315 834 4370 PS
893 4316 927 4370 70
946 4313 1105 4384 maiestatis]
1125 4329 1187 4368 suae
1205 4315 1268 4370 add.
1283 4317 1352 4384 Aua.

215 4400 423 4456 immensitatem
442 4401 469 4456 P
519 4403 553 4458 23
571 4400 732 4457 sublimatur
750 4403 821 4474 noy.
876 4403 909 4458 26
928 4400 1050 4457 eradatur
1068 4405 1143 4470 patre
1162 4404 1233 4481 Aup.
