3268 5142
652 1143 699 1264 B.
726 1146 948 1264 Sermones
987 1151 1105 1264 uarii.

823 1417 941 1482 XXIII.

744 1579 788 1618 AD
812 1576 978 1620 MONAGHOS
1000 1580 1021 1620 1.

358 1711 407 1774 Ad
430 1713 533 1776 locum
556 1711 649 1792 huuc,
677 1711 841 1791 carissimi,
865 1730 926 1775 non
949 1712 988 1776 ad
1011 1713 1159 1794 quietern,
1187 1731 1249 1777 non
1276 1715 1315 1778 ad
1338 1716 1452 1778 securi-

275 1843 287 1880 s
316 1819 424 1897 tatem,
457 1817 511 1880 scol
534 1815 572 1879 ad
594 1835 745 1900 pugnam,
776 1815 815 1880 ad
838 1819 995 1880 certamen
1018 1817 1232 1898 conuenimrm,
1256 1818 1294 1882 ad
1318 1837 1451 1902 agonem

313 1921 375 1984 lruc
397 1921 618 2002 processimus,
641 1921 680 1984 ad
703 1921 872 1985 exercenda
894 1939 966 1986 cum
989 1921 1074 1986 uitiis
1096 1921 1179 1986 bella
1202 1923 1450 1987 conscendimus.

314 2024 391 2088 uitia
414 2025 497 2088 enim
521 2027 627 2089 nostra
648 2025 754 2089 hostes
778 2025 876 2089 nostri
900 2029 984 2106 sunt,
1008 2025 1046 2090 de
1069 2025 1182 2107 quibus
1205 2025 1362 2108 scriptura
1382 2046 1454 2111 pro-

313 2127 438 2192 nuntiat
457 2128 577 2193 dicens:
600 2147 700 2209 cauo,
721 2147 764 2194 ne
784 2147 955 2211 umquam
975 2129 1114 2194 habeas
1134 2149 1215 2194 oum
1235 2131 1288 2194 eis
1308 2131 1451 2196 foedus.

314 2233 489 2297 neccssaria
512 2233 601 2297 nobis
625 2236 683 2313 est,
705 2233 828 2314 fratros,
852 2233 985 2318 peruigil
1007 2253 1091 2314 cura,
1121 2234 1277 2298 indefessa
1298 2237 1452 2316 custodia,

262 2363 288 2402 ιο
314 2336 387 2418 quia
409 2337 569 2401 conflictus
591 2337 652 2402 iste
676 2338 743 2402 sime
765 2337 837 2419 fine,
868 2338 966 2402 hostis
989 2338 1048 2403 iste
1071 2339 1139 2403 sine
1166 2357 1242 2423 pace
1265 2341 1322 2404 est.
1363 2339 1452 2405 hoste

312 2442 372 2505 isto
395 2441 477 2505 uinci
500 2445 598 2525 potes,
621 2442 717 2525 recipi
739 2441 772 2505 in
795 2442 967 2507 amicitiam
990 2461 1052 2508 uon
1074 2445 1173 2527 potes.
1213 2447 1246 2507 et
1267 2444 1337 2508 ideo
1364 2463 1453 2528 proe-

312 2546 390 2610 lium
414 2546 506 2626 istud,
531 2546 613 2628 quod
636 2547 842 2629 suscepimus,
866 2547 943 2612 satis
959 2547 1073 2610 (lurum
1088 2548 1227 2629 satisque
1242 2548 1454 2630 periculosum

315 2655 373 2730 est,
397 2651 470 2732 quia
491 2651 574 2716 intra
596 2651 756 2715 hominem
779 2652 896 2735 geritur
919 2655 951 2716 ct
973 2652 1034 2716 nisi
1056 2670 1128 2716 oum
1151 2652 1217 2733 ipso
1240 2652 1368 2716 homino
1391 2670 1452 2716 non

313 2754 428 2818 finitur.

263 2885 286 2924 ra
356 2859 429 2923 Ideo
454 2878 526 2942 ergo
550 2876 606 2923 nos
631 2859 669 2923 ad
693 2859 862 2941 tranquilla
884 2860 962 2924 haec
985 2863 1104 2924 secreta
1127 2863 1158 2924 ct
1178 2859 1331 2943 spiritalia
1351 2864 1456 2925 οιεῐιιι

312 2963 511 3044 contulimus,
535 2967 570 3027 ut
587 2963 699 3028 cotidie
720 2967 828 3028 contra
848 2963 1008 3047 passiones
1030 2967 1152 3028 nostras
1172 2963 1361 3046 infatigabili
1381 2983 1456 3030 cou-

312 3069 470 3152 gressionc
493 3070 659 3149 certemus,
683 3073 719 3133 ut
741 3069 855 3133 cotidie
878 3068 1051 3133 senioribus
1071 3069 1186 3134 nostris
1206 3069 1295 3152 quasi
1315 3069 1456 3136 famulas

313 3172 490 3236 uoluntates
513 3175 635 3238 nostras
660 3172 860 3254 subiciamus,
890 3175 927 3236 ut
948 3172 1048 3238 cordis
1071 3173 1227 3254 nequitias
1250 3174 1457 3238 circumcida-

313 3294 383 3340 mus
406 3277 458 3340 uel
481 3275 607 3359 linguae
630 3277 770 3360 gladium
793 3277 1009 3358 recondamus,
1040 3281 1076 3340 ut
1106 3295 1168 3341 non
1191 3277 1302 3341 solum‘
1316 3277 1458 3342 inuicem

260 3405 286 3445 ro
312 3399 375 3446 non
404 3381 575 3445 inferamus
606 3381 745 3463 iniurias,
780 3382 834 3446 sed
868 3400 926 3446 uec
960 3380 998 3446 ab
1034 3381 1102 3446 alim
1133 3381 1306 3446 sentiamus
1337 3382 1456 3447 illatas.

418 3569 658 3640 mmmm

355 3746 478 3802 Sensim
494 3745 539 3800 laic
555 3760 641 3800 ammo
659 3745 691 3800 ia
708 3745 794 3801 oman
811 3744 949 3802 noemae
961 3743 1116 3801 Paracata:
1131 3747 1203 3800 2780
1218 3743 1460 3815 aucc.XIII(A),

311 3835 383 3888 2167
399 3849 466 3888 succ.
480 3831 565 3887 XIII
581 3831 639 3900 (Β),
658 3835 745 3886 13333
762 3848 829 3888 accc.
843 3831 913 3887 XII
925 3830 986 3900 (0);
1005 3847 1090 3885 sermo
1109 3829 1192 3885 fausti
1210 3829 1324 3900 episcopi
1344 3831 1379 3884 ad
1400 3849 1460 3887 mo-

313 3919 411 3973 nachos
429 3919 531 3988 primus
549 3920 577 3973 A
595 3919 654 3989 (sol.
667 3919 718 3988 2⁹),
742 3917 838 3988 incipit
861 3933 947 3972 sermo
969 3917 1053 3972 fausti
1076 3917 1192 3988 episcopi
1211 3916 1245 3971 ud
1263 3919 1411 3974 monachos
1431 3921 1460 3976 B

312 4005 371 4075 (sol.
387 4007 439 4074 W),
463 4004 571 4075 explicit
592 4003 710 4059 homelia
731 4003 755 4058 X
779 4005 812 4058 ad
835 4005 987 4058 monachos.
1021 4003 1117 4074 incipit
1139 4019 1225 4058 sermo
1247 4003 1330 4058 fausti
1353 4003 1399 4074 οἵη
1424 4007 1461 4060 nol

313 4091 421 4146 eosdem
443 4092 541 4162 G(fol.
554 4093 615 4160 30')
667 4093 685 4147 4
703 4091 737 4145 ad
755 4091 914 4162 locum-p.
928 4095 1018 4162 315,e
1035 4089 1156 4162 uirtutis]
1176 4093 1211 4162 cf.
1225 4091 1323 4147 Eouet.
1337 4093 1410 4148 tom.
1425 4097 1463 4149 38

313 4178 567 4248 (Bilitpatrmaa.
582 4179 672 4250 Lupd.
691 4179 794 4234 Vrsae
808 4178 846 4246 G)
898 4177 985 4234 6huo
1002 4177 1122 4234 om.AB
1175 4177 1251 4232 uioiis
1269 4177 1296 4232 B
1351 4179 1463 4234 luicis

315 4264 404 4333 ABG,
424 4265 510 4320 uitao
562 4264 763 4334 pronunciatB
816 4263 1023 4334 soedusABO,
1037 4263 1155 4320 sedcmo
1209 4263 1405 4320 rononiense
1422 4267 1463 4322 Gn

316 4353 346 4406 11
366 4354 455 4419 potest
476 4351 513 4408 Oo
530 4357 643 4422 atropos
655 4353 712 4408 loco
776 4353 808 4406 13
826 4351 931 4408 intere
993 4354 1024 4408 15
1043 4367 1105 4420 ergo
1123 4369 1203 4408 omo
1261 4353 1293 4408 16
1311 4353 1462 4410 contritio

314 4440 346 4502 17
364 4435 484 4494 moribus
502 4456 518 4498 o
572 4439 604 4496 19
622 4436 795 4494 retundamus
817 4437 855 4495 Co
907 4441 938 4493 ut
955 4439 992 4510 A,
1010 4456 1060 4496 nm.
1073 4437 1143 4496 uec

1594 1736 1600 1805 l
