3264 5134
315 452 356 516 86
775 448 795 501 1.
816 448 860 501 De
882 446 989 515 gratia

313 735 434 776 CONTRA
455 733 526 792 1100,
550 734 634 782 QUOD
659 732 784 792 modun,
809 731 882 781 Quia
906 731 989 772 ANTE
1013 729 1150 772 amaran
1172 728 1294 770 TEMPUS
1317 727 1445 770 adamo

503 820 595 864 UNIUS
618 821 673 861 nul
696 819 848 862 Guarinus
872 816 1027 860 CONCESSA
1050 817 1111 858 NON
1134 817 1258 860 sunnin.

355 941 393 1004 ln
416 938 526 1023 grandi
547 937 701 1021 profundo
723 937 916 1021 ignorantiae
939 936 1121 1000 uolutantur
1144 936 1195 1017 qui
1218 935 1334 1013 dicunt,
1367 933 1448 1015 quod

312 1045 405 1108 unius
429 1043 478 1107 dei
501 1043 644 1108 notitiam
666 1041 782 1106 habere
805 1059 867 1106 non
890 1040 1049 1125 potuerint
1070 1042 1179 1124 gentes
1195 1043 1267 1103 ante
1283 1037 1446 1102 saluatoris

197 1233 199 1238 Ι
275 1175 287 1214 a
314 1149 496 1228 aduentum,
520 1165 592 1211 cum
615 1147 774 1229 apostolus
798 1149 917 1210 asserat
939 1145 1091 1208 factorem
1113 1143 1223 1208 mundi
1242 1163 1296 1227 per
1312 1143 1448 1208 facturae

313 1271 387 1317 suae
410 1251 677 1335 magnificentiam
700 1250 839 1335 potuisse
862 1249 1006 1333 cognosci
1029 1251 1073 1313 ita
1095 1248 1237 1312 dicendo:
1267 1246 1363 1330 quod
1389 1263 1448 1312 no·

313 1361 389 1423 turn
414 1360 470 1420 est
493 1355 564 1437 dei,
588 1355 830 1420 manifestum
853 1357 909 1418 cst
931 1355 968 1420 in
990 1354 1079 1418 illis.
1115 1351 1328 1417 inuisibilia
1351 1352 1447 1416 enirn

313 1462 392 1526 eius
417 1479 435 1525 a
457 1463 633 1526 creatura
655 1460 782 1524 mundi
804 1479 868 1542 per
892 1477 946 1540 ea,
970 1477 1062 1540 quae
1084 1459 1185 1522 facta
1207 1459 1312 1538 sunt,
1340 1456 1449 1520 intel-

312 1567 410 1630 lecta
440 1565 736 1647 conspiciuntur.
777 1564 1007 1646 sempiterna
1040 1581 1182 1644 quoque
1216 1563 1336 1626 uirtus
1371 1560 1448 1624 eius

181 1699 183 1704 v
263 1696 286 1734 ro
314 1674 350 1734 et
380 1669 577 1750 diuinitas,
606 1672 647 1734 nt
677 1669 754 1733 sint
783 1667 1072 1732 inexcusabiles,
1110 1667 1263 1748 quomodo
1294 1668 1328 1729 tu
1359 1683 1450 1728 excu-

314 1774 428 1838 sabiles
453 1774 528 1838 dicis
552 1792 597 1855 eo,
621 1773 701 1856 quod
728 1773 821 1837 alieni
844 1773 960 1836 fuerint
982 1791 1001 1836 a
1023 1770 1211 1836 caelestibus
1242 1771 1340 1850 donis,
1371 1787 1446 1852 quos

313 1881 389 1944 deus
413 1897 450 1942 en
472 1878 532 1943 hoc
558 1878 784 1943 inexcusabiles
814 1880 1015 1960 protestatur,
1046 1876 1128 1958 qnod
1158 1875 1249 1940 abusi
1279 1875 1449 1958 probentur

313 1984 448 2066 acceptis
472 1987 504 2047 et
526 1983 644 2066 opificis
667 1982 895 2047 sublimitatem
918 1982 985 2046 sine
1016 1981 1200 2046 difficultate
1230 1979 1308 2044 scire
1331 1979 1450 2061 potuis·

314 2093 393 2168 sent,
425 2089 450 2151 si
480 2105 558 2170 opus
589 2089 858 2171 interrogassent?
895 2087 987 2168 longe
1011 2089 1058 2149 est
1080 2085 1139 2150 hoc
1162 2085 1200 2149 ab
1225 2084 1310 2148 omni
1332 2085 1452 2148 ratione

263 2215 286 2252 ra
314 2192 432 2275 absque
455 2193 580 2276 pietate,
604 2195 639 2256 ut
661 2193 753 2256 homo
777 2191 817 2255 ad
840 2191 1071 2274 agnoscendum
1094 2191 1186 2254 deum
1211 2209 1308 2272 nuper
1323 2190 1454 2271 putetur

268 2377 271 2385 Ι
314 2297 462 2376 eruditus,
493 2296 543 2360 oni
573 2296 739 2360 uniuersus
771 2294 809 2360 ab
841 2295 962 2359 exordio
991 2313 1096 2358 rerum
1123 2295 1211 2358 testis
1234 2296 1283 2358 est
1305 2291 1453 2372 mundus,

314 2405 345 2464 et
361 2401 429 2465 ideo
445 2401 477 2464 in
494 2400 602 2464 eadem
619 2400 750 2483 epistola
763 2397 950 2483 (apostolus)
970 2399 1058 2464 dicit:
1083 2417 1162 2462 cum
1187 2399 1282 2462 enim
1305 2399 1453 2480 gentes,

314 2523 405 2587 quae
428 2505 548 2588 legem
573 2522 644 2569 nou
674 2503 828 2585 habent,
859 2504 1086 2568 naturaliter
1116 2520 1208 2585 qnae
1238 2501 1334 2585 legis
1365 2505 1454 2564 sont

315 2609 471 2673 faciunt.
509 2627 571 2673 non
603 2627 675 2692 ergo
705 2609 823 2673 recenti
855 2608 1033 2691 magisterio
1066 2607 1106 2672 ad
1139 2605 1453 2689 conprehendendam

261 2737 287 2775 22
314 2715 417 2796 legem
441 2713 490 2777 dei
513 2713 657 2776 credatur
680 2713 820 2792 inbutuS,
844 2713 960 2794 quiid,
984 2711 1066 2793 quod
1089 2711 1272 2776 naturaliter
1291 2708 1396 2790 habet,
1421 2711 1453 2774 iu

313 2818 407 2900 primi
441 2817 549 2898 utiquo
583 2817 720 2880 hominis
755 2816 932 2881 conditione
964 2815 1111 2898 percepit.
1154 2815 1454 2894 inmutauernnt,

313 2922 414 3003 inquit
445 2922 614 3004 apostolus,
645 2922 804 3004 gloriam
834 2919 1138 3003 incorruptibilis
1168 2920 1225 2984 dei
1255 2919 1291 2983 in
1320 2917 1455 2982 simili-

314 3026 480 3088 tudinem
503 3025 678 3108 imaginis
701 3023 974 3109 <corruptibilis
996 3024 1172 3108 hominis>
1194 3027 1230 3088 et
1259 3023 1455 3088 uolucrum

315 3132 351 3191 ot
373 3127 642 3210 quadripedum
666 3133 702 3192 et
726 3129 967 3212 serpentium.

263 3255 287 3294 aa
359 3233 442 3294 Dum
473 3232 642 3314 inprudens
673 3232 794 3296 abiecta
824 3237 856 3297 et
885 3233 1015 3315 indigna
1037 3235 1215 3311 ueneratur,
1245 3229 1390 3294 debuisse
1421 3251 1456 3295 se

315 3335 500 3400 omnimodis
516 3336 636 3400 cultum
652 3336 845 3420 dignioribus
861 3335 1034 3420 profitetur,
1057 3337 1192 3417 dumque
1208 3336 1328 3418 lignum
1344 3334 1456 3400 adorat

315 3443 346 3502 ct
368 3439 516 3523 lapidem,
539 3440 571 3504 in
594 3444 740 3524 promptu
763 3441 881 3522 habuit,
905 3444 941 3505 ut
963 3444 1087 3523 saperet
1110 3439 1236 3504 adorare
1260 3439 1456 3504 terrestrium

419 3663 446 3734 2]
466 3662 542 3719 nam.
558 3666 580 3729 1,
595 3665 635 3719 re.
691 3665 735 3734 17]
755 3665 868 3730 noma,
883 3667 923 3720 14.
977 3663 1023 3733 21]
1042 3662 1118 3718 nam.
1134 3666 1157 3728 1,
1170 3665 1211 3719 aa.

360 3876 372 3929 l
397 3890 480 3943 oeque
502 3875 552 3929 boc
574 3874 631 3930 loco
653 3890 737 3943 oeque
755 3875 785 3928 ia
801 3875 984 3943 capitulorum
1001 3873 1092 3929 indice
1109 3875 1176 3928 222221
1194 3873 1309 3943 capitoli
1326 3890 1458 3931 numme

315 3961 347 4014 io
359 3960 386 4013 P
396 3967 496 4027 castam
514 3961 546 4014 do
563 3961 653 4016 corbis
671 3963 764 4014 contra
781 3960 832 4014 hoc
843 3959 974 4022 -luerit,
993 3977 1060 4030 quaec
1073 3961 1212 4015 2122222112
1227 3959 1325 4027 indice,
1338 3963 1373 4028 cs.
1387 3979 1458 4030 pocae

315 4049 428 4116 exposui
446 4049 477 4102 in
495 4049 563 4103 libro
576 4045 703 4103 ‘Studien
720 4049 786 4102 cibor
804 4049 847 4102 die
865 4048 1003 4116 Schriften
1021 4047 1066 4102 des
1079 4044 1217 4113 Famatoc',
1234 4065 1261 4116 p.
1276 4051 1307 4100 11
1361 4050 1458 4114 9qu0·
1482 4069 1486 4076 ⁴

316 4149 382 4202 quaa
406 4135 433 4187 P
503 4137 533 4188 11
558 4133 698 4188 celestibus
721 4134 749 4188 P
818 4136 850 4190 12
867 4133 1014 4202 probentur
1030 4135 1137 4203 compsi,
1159 4132 1319 4201 praebentur
1337 4135 1372 4201 P,
1395 4150 1458 4202 pro·

315 4219 448 4275 banturo
520 4224 551 4275 15
570 4219 684 4289 absquae
704 4223 737 4290 P,
760 4223 873 4288 atqueo
943 4219 1193 4288 cognoscendnmo
1265 4223 1295 4275 17
1319 4221 1459 4288 apostolus

316 4308 427 4374 addidi,
451 4325 501 4362 ora.
524 4309 552 4361 P
604 4310 635 4362 19
655 4306 936 4376 conpraehendendam
954 4307 982 4360 P
1033 4309 1064 4363 21
1086 4306 1193 4374 utiquae
1213 4307 1240 4362 P
1295 4309 1329 4361 22
1347 4322 1458 4376 eorrup-

315 4393 398 4446 tibilis
416 4393 532 4447 hominis
550 4393 657 4462 addidi,
675 4411 725 4450 om.
739 4394 766 4447 P
816 4395 850 4448 26
869 4392 1001 4462 dumquae
1019 4395 1047 4447 P
1098 4395 1131 4448 21
1150 4397 1258 4463 promtu
1277 4393 1305 4446 P
