<?xml version="1.0" encoding="UTF-8"?>
<!DOCTYPE html PUBLIC "-//W3C//DTD XHTML 1.0 Transitional//EN"
    "http://www.w3.org/TR/xhtml1/DTD/xhtml1-transitional.dtd">
<html xmlns="http://www.w3.org/1999/xhtml" xml:lang="en" lang="en">
 <head>
  <title>
</title>
<meta http-equiv="Content-Type" content="text/html;charset=utf-8" />
  <meta name='ocr-system' content='tesseract 3.04.00' />
  <meta name='ocr-capabilities' content='ocr_page ocr_carea ocr_par ocr_line ocrx_word'/>
</head>
<body>
  <div class='ocr_page' id='page_1' title='image "./praetersermones01fausgoog_0197.png"; bbox 0 0 3244 5130; ppageno 0'>
   <div class='ocr_carea' id='block_1_1' title="bbox 328 481 1076 549">
    <p class='ocr_par' dir='ltr' id='par_1_1' title="bbox 328 481 1076 549">
     <span class='ocr_line' id='line_1_1' title="bbox 328 481 1076 549; baseline -0.016 -5"><span class='ocrx_word' id='word_1_1' title='bbox 328 482 388 544; x_wconf 85' lang='lat'>110</span> <span class='ocrx_word' id='word_1_2' title='bbox 706 481 741 534; x_wconf 90' lang='lat'>11.</span> <span class='ocrx_word' id='word_1_3' title='bbox 762 481 806 534; x_wconf 85' lang='lat' dir='ltr'>De</span> <span class='ocrx_word' id='word_1_4' title='bbox 824 481 944 549; x_wconf 86' lang='lat' dir='ltr'>spiritu</span> <span class='ocrx_word' id='word_1_5' title='bbox 964 483 1076 534; x_wconf 84' lang='lat' dir='ltr'>sancto</span> 
     </span>
    </p>
   </div>
   <div class='ocr_carea' id='block_1_2' title="bbox 273 655 1464 2183">
    <p class='ocr_par' dir='ltr' id='par_1_2' title="bbox 273 655 1464 2183">
     <span class='ocr_line' id='line_1_2' title="bbox 325 655 1464 739; baseline 0 -19"><span class='ocrx_word' id='word_1_6' title='bbox 325 655 430 720; x_wconf 89' lang='lat' dir='ltr'>fitetur</span> <span class='ocrx_word' id='word_1_7' title='bbox 453 675 510 720; x_wconf 94' lang='lat' dir='ltr'>nec</span> <span class='ocrx_word' id='word_1_8' title='bbox 534 673 595 720; x_wconf 93' lang='lat' dir='ltr'>non</span> <span class='ocrx_word' id='word_1_9' title='bbox 619 655 768 720; x_wconf 87' lang='lat' dir='ltr'>diffusum</span> <span class='ocrx_word' id='word_1_10' title='bbox 792 675 848 739; x_wconf 92' lang='lat' dir='ltr'>per</span> <span class='ocrx_word' id='word_1_11' title='bbox 878 657 983 720; x_wconf 85' lang='lat' dir='ltr'>omnia</span> <span class='ocrx_word' id='word_1_12' title='bbox 1013 656 1156 739; x_wconf 89' lang='lat' dir='ltr'>spiritum</span> <span class='ocrx_word' id='word_1_13' title='bbox 1188 659 1332 720; x_wconf 86' lang='lat' dir='ltr'>sanctum</span> <span class='ocrx_word' id='word_1_14' title='bbox 1360 659 1464 738; x_wconf 90' lang='lat' dir='ltr'>prote-</span> 
     </span>
     <span class='ocr_line' id='line_1_3' title="bbox 325 759 1461 842; baseline 0 -18"><span class='ocrx_word' id='word_1_15' title='bbox 325 764 435 824; x_wconf 78' lang='lat' dir='ltr'><strong>statur.</strong></span> <span class='ocrx_word' id='word_1_16' title='bbox 475 760 512 824; x_wconf 92' lang='lat' dir='ltr'>de</span> <span class='ocrx_word' id='word_1_17' title='bbox 543 759 607 824; x_wconf 89' lang='lat' dir='ltr'>tilio</span> <span class='ocrx_word' id='word_1_18' title='bbox 637 763 744 824; x_wconf 85' lang='lat' dir='ltr'>autem</span> <span class='ocrx_word' id='word_1_19' title='bbox 775 761 869 824; x_wconf 87' lang='lat' dir='ltr'>etiam</span> <span class='ocrx_word' id='word_1_20' title='bbox 899 760 938 824; x_wconf 86' lang='lat' dir='ltr'>ad</span> <span class='ocrx_word' id='word_1_21' title='bbox 969 759 1099 842; x_wconf 85' lang='lat' dir='ltr'>Moysen</span> <span class='ocrx_word' id='word_1_22' title='bbox 1129 761 1267 842; x_wconf 91' lang='lat' dir='ltr'>loquitur</span> <span class='ocrx_word' id='word_1_23' title='bbox 1301 761 1461 824; x_wconf 88' lang='lat' dir='ltr'>dominus:</span> 
     </span>
     <span class='ocr_line' id='line_1_4' title="bbox 323 864 1463 948; baseline 0.002 -20"><span class='ocrx_word' id='word_1_24' title='bbox 323 864 439 928; x_wconf 87' lang='lat' dir='ltr'>facies</span> <span class='ocrx_word' id='word_1_25' title='bbox 463 882 543 928; x_wconf 88' lang='lat' dir='ltr'>mea</span> <span class='ocrx_word' id='word_1_26' title='bbox 564 864 767 948; x_wconf 77' lang='lat' dir='ltr'>praecedet</span> <span class='ocrx_word' id='word_1_27' title='bbox 788 869 832 928; x_wconf 90' lang='lat' dir='ltr'>te.</span> <span class='ocrx_word' id='word_1_28' title='bbox 872 864 955 946; x_wconf 89' lang='lat' dir='ltr'>quod</span> <span class='ocrx_word' id='word_1_29' title='bbox 978 881 1102 944; x_wconf 83' lang='lat' dir='ltr'>nomen,</span> <span class='ocrx_word' id='word_1_30' title='bbox 1125 864 1157 928; x_wconf 89' lang='lat' dir='ltr'>id</span> <span class='ocrx_word' id='word_1_31' title='bbox 1180 868 1229 929; x_wconf 90' lang='lat' dir='ltr'>est</span> <span class='ocrx_word' id='word_1_32' title='bbox 1251 865 1345 928; x_wconf 83' lang='lat' dir='ltr'>facies</span> <span class='ocrx_word' id='word_1_33' title='bbox 1370 867 1402 928; x_wconf 90' lang='lat' dir='ltr'>et</span> <span class='ocrx_word' id='word_1_34' title='bbox 1424 864 1463 930; x_wconf 89' lang='lat' dir='ltr'>ad</span> 
     </span>
     <span class='ocr_line' id='line_1_5' title="bbox 325 967 1461 1052; baseline -0.001 -20"><span class='ocrx_word' id='word_1_35' title='bbox 325 968 454 1032; x_wconf 89' lang='lat' dir='ltr'>unitatis</span> <span class='ocrx_word' id='word_1_36' title='bbox 485 967 693 1033; x_wconf 78' lang='lat' dir='ltr'>substantiam</span> <span class='ocrx_word' id='word_1_37' title='bbox 722 971 753 1032; x_wconf 89' lang='lat' dir='ltr'>ct</span> <span class='ocrx_word' id='word_1_38' title='bbox 781 969 819 1032; x_wconf 87' lang='lat' dir='ltr'>ad</span> <span class='ocrx_word' id='word_1_39' title='bbox 843 968 1099 1032; x_wconf 81' lang='lat' dir='ltr'>coaeternitatem</span> <span class='ocrx_word' id='word_1_40' title='bbox 1122 969 1257 1052; x_wconf 87' lang='lat' dir='ltr'>pertinet</span> <span class='ocrx_word' id='word_1_41' title='bbox 1279 969 1461 1033; x_wconf 87' lang='lat' dir='ltr'>maiestatis.</span> 
     </span>
     <span class='ocr_line' id='line_1_6' title="bbox 285 1072 1464 1155; baseline -0.004 -16"><span class='ocrx_word' id='word_1_42' title='bbox 285 1101 297 1139; x_wconf 82' lang='lat' dir='ltr'>s</span> <span class='ocrx_word' id='word_1_43' title='bbox 324 1073 407 1154; x_wconf 92' lang='lat' dir='ltr'>quod</span> <span class='ocrx_word' id='word_1_44' title='bbox 436 1077 542 1136; x_wconf 87' lang='lat' dir='ltr'>autem</span> <span class='ocrx_word' id='word_1_45' title='bbox 573 1072 726 1137; x_wconf 89' lang='lat' dir='ltr'>minorem</span> <span class='ocrx_word' id='word_1_46' title='bbox 749 1076 862 1155; x_wconf 88' lang='lat' dir='ltr'>putant</span> <span class='ocrx_word' id='word_1_47' title='bbox 885 1091 963 1152; x_wconf 89' lang='lat' dir='ltr'>esse,</span> <span class='ocrx_word' id='word_1_48' title='bbox 994 1073 1067 1154; x_wconf 91' lang='lat' dir='ltr'>quia</span> <span class='ocrx_word' id='word_1_49' title='bbox 1097 1077 1189 1137; x_wconf 89' lang='lat' dir='ltr'>natus</span> <span class='ocrx_word' id='word_1_50' title='bbox 1220 1077 1278 1152; x_wconf 89' lang='lat' dir='ltr'>est,</span> <span class='ocrx_word' id='word_1_51' title='bbox 1309 1072 1385 1154; x_wconf 92' lang='lat' dir='ltr'>quid</span> <span class='ocrx_word' id='word_1_52' title='bbox 1416 1073 1464 1134; x_wconf 89' lang='lat' dir='ltr'>est</span> 
     </span>
     <span class='ocr_line' id='line_1_7' title="bbox 324 1176 1462 1256; baseline -0.001 -16"><span class='ocrx_word' id='word_1_53' title='bbox 324 1177 417 1241; x_wconf 92' lang='lat' dir='ltr'>deum</span> <span class='ocrx_word' id='word_1_54' title='bbox 447 1176 485 1240; x_wconf 92' lang='lat' dir='ltr'>de</span> <span class='ocrx_word' id='word_1_55' title='bbox 515 1177 572 1241; x_wconf 91' lang='lat' dir='ltr'>deo</span> <span class='ocrx_word' id='word_1_56' title='bbox 603 1181 713 1242; x_wconf 91' lang='lat' dir='ltr'>natum</span> <span class='ocrx_word' id='word_1_57' title='bbox 744 1195 822 1256; x_wconf 89' lang='lat' dir='ltr'>esse,</span> <span class='ocrx_word' id='word_1_58' title='bbox 853 1177 914 1242; x_wconf 90' lang='lat' dir='ltr'>nisi</span> <span class='ocrx_word' id='word_1_59' title='bbox 945 1195 980 1240; x_wconf 84' lang='lat' dir='ltr'>er</span> <span class='ocrx_word' id='word_1_60' title='bbox 1012 1176 1068 1240; x_wconf 91' lang='lat' dir='ltr'>deo</span> <span class='ocrx_word' id='word_1_61' title='bbox 1095 1177 1280 1242; x_wconf 82' lang='lat' dir='ltr'>naturaliter</span> <span class='ocrx_word' id='word_1_62' title='bbox 1302 1177 1462 1242; x_wconf 81' lang='lat' dir='ltr'>extitisse?</span> 
     </span>
     <span class='ocr_line' id='line_1_8' title="bbox 324 1280 1463 1361; baseline 0.002 -17"><span class='ocrx_word' id='word_1_63' title='bbox 324 1280 378 1345; x_wconf 90' lang='lat' dir='ltr'>sed</span> <span class='ocrx_word' id='word_1_64' title='bbox 401 1281 492 1345; x_wconf 90' lang='lat' dir='ltr'>dicis:</span> <span class='ocrx_word' id='word_1_65' title='bbox 517 1281 544 1344; x_wconf 87' lang='lat' dir='ltr'>si</span> <span class='ocrx_word' id='word_1_66' title='bbox 567 1301 603 1345; x_wconf 84' lang='lat' dir='ltr'>ex</span> <span class='ocrx_word' id='word_1_67' title='bbox 625 1281 678 1346; x_wconf 91' lang='lat' dir='ltr'>illo</span> <span class='ocrx_word' id='word_1_68' title='bbox 699 1285 756 1361; x_wconf 80' lang='lat' dir='ltr'>eet,</span> <span class='ocrx_word' id='word_1_69' title='bbox 779 1281 879 1346; x_wconf 90' lang='lat' dir='ltr'>iunior</span> <span class='ocrx_word' id='word_1_70' title='bbox 899 1281 953 1346; x_wconf 91' lang='lat' dir='ltr'>illo</span> <span class='ocrx_word' id='word_1_71' title='bbox 974 1285 1031 1346; x_wconf 89' lang='lat' dir='ltr'>est.</span> <span class='ocrx_word' id='word_1_72' title='bbox 1068 1299 1137 1346; x_wconf 87' lang='lat' dir='ltr'>eece</span> <span class='ocrx_word' id='word_1_73' title='bbox 1157 1281 1319 1346; x_wconf 84' lang='lat' dir='ltr'>brachium</span> <span class='ocrx_word' id='word_1_74' title='bbox 1340 1301 1377 1346; x_wconf 84' lang='lat' dir='ltr'>ox</span> <span class='ocrx_word' id='word_1_75' title='bbox 1397 1298 1463 1346; x_wconf 88' lang='lat' dir='ltr'>cor-</span> 
     </span>
     <span class='ocr_line' id='line_1_9' title="bbox 322 1384 1463 1468; baseline 0 -18"><span class='ocrx_word' id='word_1_76' title='bbox 322 1403 396 1468; x_wconf 90' lang='lat' dir='ltr'>pore</span> <span class='ocrx_word' id='word_1_77' title='bbox 413 1389 444 1449; x_wconf 89' lang='lat' dir='ltr'>et</span> <span class='ocrx_word' id='word_1_78' title='bbox 459 1384 553 1450; x_wconf 86' lang='lat' dir='ltr'>facies</span> <span class='ocrx_word' id='word_1_79' title='bbox 569 1386 607 1448; x_wconf 87' lang='lat' dir='ltr'>de</span> <span class='ocrx_word' id='word_1_80' title='bbox 623 1385 723 1468; x_wconf 89' lang='lat' dir='ltr'>eapite</span> <span class='ocrx_word' id='word_1_81' title='bbox 740 1403 794 1449; x_wconf 86' lang='lat' dir='ltr'>suo</span> <span class='ocrx_word' id='word_1_82' title='bbox 812 1385 959 1466; x_wconf 87' lang='lat' dir='ltr'>nascitur,</span> <span class='ocrx_word' id='word_1_83' title='bbox 983 1403 1040 1449; x_wconf 89' lang='lat' dir='ltr'>nec</span> <span class='ocrx_word' id='word_1_84' title='bbox 1060 1389 1166 1450; x_wconf 89' lang='lat' dir='ltr'>tamen</span> <span class='ocrx_word' id='word_1_85' title='bbox 1182 1386 1294 1450; x_wconf 88' lang='lat' dir='ltr'>faciem</span> <span class='ocrx_word' id='word_1_86' title='bbox 1310 1386 1463 1450; x_wconf 91' lang='lat' dir='ltr'>iuniorem</span> 
     </span>
     <span class='ocr_line' id='line_1_10' title="bbox 323 1488 1462 1574; baseline -0.001 -20"><span class='ocrx_word' id='word_1_87' title='bbox 323 1489 424 1572; x_wconf 89' lang='lat' dir='ltr'>capite</span> <span class='ocrx_word' id='word_1_88' title='bbox 447 1507 502 1554; x_wconf 91' lang='lat' dir='ltr'>suo</span> <span class='ocrx_word' id='word_1_89' title='bbox 526 1490 576 1554; x_wconf 90' lang='lat' dir='ltr'>uel</span> <span class='ocrx_word' id='word_1_90' title='bbox 600 1488 763 1554; x_wconf 81' lang='lat' dir='ltr'>brachium</span> <span class='ocrx_word' id='word_1_91' title='bbox 784 1508 910 1572; x_wconf 86' lang='lat' dir='ltr'>corpore</span> <span class='ocrx_word' id='word_1_92' title='bbox 932 1508 987 1554; x_wconf 90' lang='lat' dir='ltr'>suo</span> <span class='ocrx_word' id='word_1_93' title='bbox 1008 1493 1132 1554; x_wconf 87' lang='lat' dir='ltr'>constat</span> <span class='ocrx_word' id='word_1_94' title='bbox 1152 1509 1220 1555; x_wconf 89' lang='lat' dir='ltr'>esse</span> <span class='ocrx_word' id='word_1_95' title='bbox 1240 1491 1405 1574; x_wconf 91' lang='lat' dir='ltr'>posterius.</span> <span class='ocrx_word' id='word_1_96' title='bbox 1437 1490 1462 1554; x_wconf 89' lang='lat' dir='ltr'>si</span> 
     </span>
     <span class='ocr_line' id='line_1_11' title="bbox 273 1593 1462 1677; baseline 0.003 -22"><span class='ocrx_word' id='word_1_97' title='bbox 273 1617 298 1655; x_wconf 86' lang='lat'>1⁰</span> <span class='ocrx_word' id='word_1_98' title='bbox 324 1611 396 1676; x_wconf 86' lang='lat' dir='ltr'>ergo</span> <span class='ocrx_word' id='word_1_99' title='bbox 420 1593 518 1658; x_wconf 90' lang='lat' dir='ltr'>ullum</span> <span class='ocrx_word' id='word_1_100' title='bbox 542 1598 636 1677; x_wconf 88' lang='lat' dir='ltr'>eaput</span> <span class='ocrx_word' id='word_1_101' title='bbox 658 1594 815 1676; x_wconf 88' lang='lat' dir='ltr'>antiquius</span> <span class='ocrx_word' id='word_1_102' title='bbox 841 1612 992 1676; x_wconf 87' lang='lat' dir='ltr'>umquem</span> <span class='ocrx_word' id='word_1_103' title='bbox 1012 1594 1072 1658; x_wconf 86' lang='lat' dir='ltr'>fuit</span> <span class='ocrx_word' id='word_1_104' title='bbox 1091 1594 1169 1658; x_wconf 86' lang='lat' dir='ltr'>facie</span> <span class='ocrx_word' id='word_1_105' title='bbox 1190 1613 1256 1675; x_wconf 88' lang='lat' dir='ltr'>sue,</span> <span class='ocrx_word' id='word_1_106' title='bbox 1279 1599 1354 1660; x_wconf 91' lang='lat' dir='ltr'>tunc</span> <span class='ocrx_word' id='word_1_107' title='bbox 1373 1594 1462 1658; x_wconf 90' lang='lat' dir='ltr'>adse-</span> 
     </span>
     <span class='ocr_line' id='line_1_12' title="bbox 323 1697 1461 1782; baseline 0.001 -21"><span class='ocrx_word' id='word_1_108' title='bbox 323 1716 390 1762; x_wconf 88' lang='lat' dir='ltr'>rere</span> <span class='ocrx_word' id='word_1_109' title='bbox 413 1716 577 1781; x_wconf 89' lang='lat' dir='ltr'>praesume</span> <span class='ocrx_word' id='word_1_110' title='bbox 602 1699 810 1780; x_wconf 50' lang='lat' dir='ltr'>antiquiorem,</span> <span class='ocrx_word' id='word_1_111' title='bbox 832 1718 900 1763; x_wconf 89' lang='lat' dir='ltr'>esse</span> <span class='ocrx_word' id='word_1_112' title='bbox 923 1703 1045 1782; x_wconf 90' lang='lat' dir='ltr'>patrem</span> <span class='ocrx_word' id='word_1_113' title='bbox 1068 1697 1106 1762; x_wconf 88' lang='lat' dir='ltr'>ab</span> <span class='ocrx_word' id='word_1_114' title='bbox 1131 1699 1267 1782; x_wconf 84' lang='lat' dir='ltr'>imagine</span> <span class='ocrx_word' id='word_1_115' title='bbox 1291 1717 1358 1779; x_wconf 88' lang='lat' dir='ltr'>sua,</span> <span class='ocrx_word' id='word_1_116' title='bbox 1382 1716 1461 1780; x_wconf 89' lang='lat' dir='ltr'>qnae</span> 
     </span>
     <span class='ocr_line' id='line_1_13' title="bbox 323 1801 1462 1886; baseline 0.002 -22"><span class='ocrx_word' id='word_1_117' title='bbox 323 1801 355 1866; x_wconf 90' lang='lat' dir='ltr'>in</span> <span class='ocrx_word' id='word_1_118' title='bbox 372 1801 489 1867; x_wconf 80' lang='lat' dir='ltr'>Christi</span> <span class='ocrx_word' id='word_1_119' title='bbox 511 1803 650 1884; x_wconf 84' lang='lat' dir='ltr'>perlecta</span> <span class='ocrx_word' id='word_1_120' title='bbox 673 1802 876 1868; x_wconf 90' lang='lat' dir='ltr'>similitudine</span> <span class='ocrx_word' id='word_1_121' title='bbox 893 1807 925 1866; x_wconf 92' lang='lat' dir='ltr'>et</span> <span class='ocrx_word' id='word_1_122' title='bbox 940 1803 1128 1885; x_wconf 85' lang='lat' dir='ltr'>aequalitate</span> <span class='ocrx_word' id='word_1_123' title='bbox 1144 1803 1295 1868; x_wconf 90' lang='lat' dir='ltr'>consistit.</span> <span class='ocrx_word' id='word_1_124' title='bbox 1330 1803 1374 1867; x_wconf 89' lang='lat' dir='ltr'>ita</span> <span class='ocrx_word' id='word_1_125' title='bbox 1389 1819 1462 1886; x_wconf 87' lang='lat' dir='ltr'>ergo</span> 
     </span>
     <span class='ocr_line' id='line_1_14' title="bbox 323 1906 1463 1992; baseline 0.001 -22"><span class='ocrx_word' id='word_1_126' title='bbox 323 1907 423 1971; x_wconf 87' lang='lat' dir='ltr'>nescit</span> <span class='ocrx_word' id='word_1_127' title='bbox 445 1906 528 1972; x_wconf 89' lang='lat' dir='ltr'>lilius</span> <span class='ocrx_word' id='word_1_128' title='bbox 552 1908 602 1972; x_wconf 89' lang='lat' dir='ltr'>uel</span> <span class='ocrx_word' id='word_1_129' title='bbox 624 1911 780 1990; x_wconf 86' lang='lat' dir='ltr'>potestate</span> <span class='ocrx_word' id='word_1_130' title='bbox 803 1908 854 1972; x_wconf 91' lang='lat' dir='ltr'>uel</span> <span class='ocrx_word' id='word_1_131' title='bbox 877 1913 1016 1992; x_wconf 89' lang='lat' dir='ltr'>tempore</span> <span class='ocrx_word' id='word_1_132' title='bbox 1045 1925 1063 1971; x_wconf 91' lang='lat' dir='ltr'>a</span> <span class='ocrx_word' id='word_1_133' title='bbox 1090 1912 1177 1991; x_wconf 85' lang='lat' dir='ltr'>putre</span> <span class='ocrx_word' id='word_1_134' title='bbox 1206 1907 1349 1990; x_wconf 85' lang='lat' dir='ltr'>discerni,</span> <span class='ocrx_word' id='word_1_135' title='bbox 1381 1907 1463 1971; x_wconf 88' lang='lat' dir='ltr'>sieut</span> 
     </span>
     <span class='ocr_line' id='line_1_15' title="bbox 324 2010 1463 2096; baseline 0.001 -22"><span class='ocrx_word' id='word_1_136' title='bbox 324 2010 420 2075; x_wconf 82' lang='lat' dir='ltr'>facies</span> <span class='ocrx_word' id='word_1_137' title='bbox 452 2029 470 2074; x_wconf 92' lang='lat' dir='ltr'>a</span> <span class='ocrx_word' id='word_1_138' title='bbox 499 2011 601 2096; x_wconf 84' lang='lat' dir='ltr'>capite</span> <span class='ocrx_word' id='word_1_139' title='bbox 628 2012 766 2094; x_wconf 84' lang='lat' dir='ltr'>seperari</span> <span class='ocrx_word' id='word_1_140' title='bbox 788 2012 839 2076; x_wconf 92' lang='lat' dir='ltr'>uel</span> <span class='ocrx_word' id='word_1_141' title='bbox 862 2013 963 2095; x_wconf 89' lang='lat' dir='ltr'>eapite</span> <span class='ocrx_word' id='word_1_142' title='bbox 986 2031 1042 2077; x_wconf 86' lang='lat' dir='ltr'>suo</span> <span class='ocrx_word' id='word_1_143' title='bbox 1065 2029 1264 2094; x_wconf 86' lang='lat' dir='ltr'>nequequam</span> <span class='ocrx_word' id='word_1_144' title='bbox 1291 2015 1393 2095; x_wconf 88' lang='lat' dir='ltr'>potest</span> <span class='ocrx_word' id='word_1_145' title='bbox 1416 2012 1463 2076; x_wconf 90' lang='lat' dir='ltr'>in·</span> 
     </span>
     <span class='ocr_line' id='line_1_16' title="bbox 273 2131 557 2183; baseline -0.011 0"><span class='ocrx_word' id='word_1_146' title='bbox 273 2142 298 2183; x_wconf 75' lang='lat' dir='ltr'>is</span> <span class='ocrx_word' id='word_1_147' title='bbox 325 2131 391 2178; x_wconf 91' lang='lat' dir='ltr'>mor</span> <span class='ocrx_word' id='word_1_148' title='bbox 414 2133 557 2180; x_wconf 82' lang='lat' dir='ltr'>inuenrrr.</span> 
     </span>
    </p>
   </div>
   <div class='ocr_carea' id='block_1_3' title="bbox 856 2272 926 2337">
    <p class='ocr_par' dir='ltr' id='par_1_3' title="bbox 856 2272 926 2337">
     <span class='ocr_line' id='line_1_17' title="bbox 856 2272 926 2337; baseline -0.014 0"><span class='ocrx_word' id='word_1_149' title='bbox 856 2272 926 2337; x_wconf 87' lang='lat' dir='ltr'>VH.</span> 
     </span>
    </p>
   </div>
   <div class='ocr_carea' id='block_1_4' title="bbox 473 2415 1313 2458">
    <p class='ocr_par' dir='ltr' id='par_1_4' title="bbox 473 2415 1313 2458">
     <span class='ocr_line' id='line_1_18' title="bbox 473 2415 1313 2458; baseline 0 -1"><span class='ocrx_word' id='word_1_150' title='bbox 473 2415 619 2458; x_wconf 79' lang='lat' dir='ltr'>SPIRITUM</span> <span class='ocrx_word' id='word_1_151' title='bbox 642 2415 752 2458; x_wconf 80' lang='lat' dir='ltr'>Phums</span> <span class='ocrx_word' id='word_1_152' title='bbox 776 2416 869 2457; x_wconf 75' lang='lat' dir='ltr'>IPSUM</span> <span class='ocrx_word' id='word_1_153' title='bbox 893 2416 968 2457; x_wconf 74' lang='lat' dir='ltr'>ussa}</span> <span class='ocrx_word' id='word_1_154' title='bbox 991 2416 1137 2458; x_wconf 76' lang='lat' dir='ltr'>SPIRITUM</span> <span class='ocrx_word' id='word_1_155' title='bbox 1161 2416 1313 2458; x_wconf 72' lang='lat' dir='ltr'>seuerum.</span> 
     </span>
    </p>
   </div>
   <div class='ocr_carea' id='block_1_5' title="bbox 271 2531 1464 3557">
    <p class='ocr_par' dir='ltr' id='par_1_5' title="bbox 273 2531 1464 3244">
     <span class='ocr_line' id='line_1_19' title="bbox 368 2531 1464 2615; baseline -0.005 -16"><span class='ocrx_word' id='word_1_156' title='bbox 368 2532 427 2599; x_wconf 86' lang='lat' dir='ltr'>Sed</span> <span class='ocrx_word' id='word_1_157' title='bbox 450 2533 541 2598; x_wconf 88' lang='lat' dir='ltr'>dieis:</span> <span class='ocrx_word' id='word_1_158' title='bbox 565 2532 694 2598; x_wconf 87' lang='lat' dir='ltr'>ostende</span> <span class='ocrx_word' id='word_1_159' title='bbox 718 2533 803 2613; x_wconf 90' lang='lat' dir='ltr'>mihi,</span> <span class='ocrx_word' id='word_1_160' title='bbox 827 2534 907 2615; x_wconf 90' lang='lat' dir='ltr'>quod</span> <span class='ocrx_word' id='word_1_161' title='bbox 930 2533 961 2596; x_wconf 92' lang='lat' dir='ltr'>in</span> <span class='ocrx_word' id='word_1_162' title='bbox 985 2551 1043 2597; x_wconf 86' lang='lat' dir='ltr'>sua</span> <span class='ocrx_word' id='word_1_163' title='bbox 1066 2533 1203 2598; x_wconf 88' lang='lat' dir='ltr'>essentia</span> <span class='ocrx_word' id='word_1_164' title='bbox 1225 2532 1378 2598; x_wconf 85' lang='lat' dir='ltr'>subsistat</span> <span class='ocrx_word' id='word_1_165' title='bbox 1400 2531 1464 2615; x_wconf 92' lang='lat' dir='ltr'>spi-</span> 
     </span>
     <span class='ocr_line' id='line_1_20' title="bbox 324 2637 1464 2722; baseline -0.002 -20"><span class='ocrx_word' id='word_1_166' title='bbox 324 2639 402 2704; x_wconf 87' lang='lat' dir='ltr'>ritns</span> <span class='ocrx_word' id='word_1_167' title='bbox 435 2642 570 2702; x_wconf 86' lang='lat' dir='ltr'>sanctus.</span> <span class='ocrx_word' id='word_1_168' title='bbox 610 2638 798 2720; x_wconf 90' lang='lat' dir='ltr'>ubicumque</span> <span class='ocrx_word' id='word_1_169' title='bbox 829 2638 879 2702; x_wconf 93' lang='lat' dir='ltr'>uel</span> <span class='ocrx_word' id='word_1_170' title='bbox 910 2638 1188 2720; x_wconf 79' lang='lat' dir='ltr'>quotienscumque</span> <span class='ocrx_word' id='word_1_171' title='bbox 1214 2638 1285 2722; x_wconf 87' lang='lat' dir='ltr'>lego</span> <span class='ocrx_word' id='word_1_172' title='bbox 1315 2640 1369 2700; x_wconf 88' lang='lat' dir='ltr'>aut</span> <span class='ocrx_word' id='word_1_173' title='bbox 1399 2637 1464 2719; x_wconf 90' lang='lat' dir='ltr'>spi·</span> 
     </span>
     <span class='ocr_line' id='line_1_21' title="bbox 273 2741 1464 2828; baseline -0.005 -18"><span class='ocrx_word' id='word_1_174' title='bbox 273 2771 299 2811; x_wconf 79' lang='lat'>20</span> <span class='ocrx_word' id='word_1_175' title='bbox 324 2745 419 2808; x_wconf 92' lang='lat' dir='ltr'>ritum</span> <span class='ocrx_word' id='word_1_176' title='bbox 435 2743 534 2828; x_wconf 89' lang='lat' dir='ltr'>patris</span> <span class='ocrx_word' id='word_1_177' title='bbox 551 2746 605 2808; x_wconf 89' lang='lat' dir='ltr'>aut</span> <span class='ocrx_word' id='word_1_178' title='bbox 621 2743 765 2828; x_wconf 88' lang='lat' dir='ltr'>spiritum</span> <span class='ocrx_word' id='word_1_179' title='bbox 782 2762 886 2806; x_wconf 93' lang='lat' dir='ltr'>meum</span> <span class='ocrx_word' id='word_1_180' title='bbox 904 2747 958 2806; x_wconf 90' lang='lat' dir='ltr'>aut</span> <span class='ocrx_word' id='word_1_181' title='bbox 974 2743 1119 2825; x_wconf 91' lang='lat' dir='ltr'>spiritum</span> <span class='ocrx_word' id='word_1_182' title='bbox 1141 2743 1201 2822; x_wconf 89' lang='lat' dir='ltr'>dei,</span> <span class='ocrx_word' id='word_1_183' title='bbox 1224 2741 1324 2822; x_wconf 89' lang='lat' dir='ltr'>uideo,</span> <span class='ocrx_word' id='word_1_184' title='bbox 1347 2741 1464 2822; x_wconf 89' lang='lat' dir='ltr'>inquis,</span> 
     </span>
     <span class='ocr_line' id='line_1_22' title="bbox 324 2847 1461 2931; baseline -0.005 -17"><span class='ocrx_word' id='word_1_185' title='bbox 324 2866 386 2914; x_wconf 93' lang='lat' dir='ltr'>non</span> <span class='ocrx_word' id='word_1_186' title='bbox 409 2847 448 2913; x_wconf 85' lang='lat' dir='ltr'>ad</span> <span class='ocrx_word' id='word_1_187' title='bbox 468 2849 595 2930; x_wconf 89' lang='lat' dir='ltr'>spiritus</span> <span class='ocrx_word' id='word_1_188' title='bbox 612 2849 722 2929; x_wconf 91' lang='lat' dir='ltr'>sancti,</span> <span class='ocrx_word' id='word_1_189' title='bbox 746 2848 800 2912; x_wconf 89' lang='lat' dir='ltr'>sed</span> <span class='ocrx_word' id='word_1_190' title='bbox 822 2847 860 2912; x_wconf 85' lang='lat' dir='ltr'>ad</span> <span class='ocrx_word' id='word_1_191' title='bbox 875 2849 972 2931; x_wconf 90' lang='lat' dir='ltr'>patris</span> <span class='ocrx_word' id='word_1_192' title='bbox 988 2847 1184 2912; x_wconf 83' lang='lat' dir='ltr'>referendum</span> <span class='ocrx_word' id='word_1_193' title='bbox 1201 2865 1270 2911; x_wconf 90' lang='lat' dir='ltr'>esse</span> <span class='ocrx_word' id='word_1_194' title='bbox 1286 2863 1461 2928; x_wconf 87' lang='lat' dir='ltr'>personam.</span> 
     </span>
     <span class='ocr_line' id='line_1_23' title="bbox 323 2951 1464 3037; baseline -0.004 -21"><span class='ocrx_word' id='word_1_195' title='bbox 323 2953 460 3037; x_wconf 91' lang='lat' dir='ltr'>primum</span> <span class='ocrx_word' id='word_1_196' title='bbox 490 2952 562 3016; x_wconf 89' lang='lat' dir='ltr'>hino</span> <span class='ocrx_word' id='word_1_197' title='bbox 592 2952 821 3036; x_wconf 87' lang='lat' dir='ltr'>blasphemiam</span> <span class='ocrx_word' id='word_1_198' title='bbox 852 2969 926 3016; x_wconf 90' lang='lat' dir='ltr'>suae</span> <span class='ocrx_word' id='word_1_199' title='bbox 957 2952 1115 3034; x_wconf 86' lang='lat' dir='ltr'>inpietatis</span> <span class='ocrx_word' id='word_1_200' title='bbox 1147 2951 1359 3030; x_wconf 85' lang='lat' dir='ltr'>accumulant,</span> <span class='ocrx_word' id='word_1_201' title='bbox 1390 2967 1464 3014; x_wconf 91' lang='lat' dir='ltr'>cum</span> 
     </span>
     <span class='ocr_line' id='line_1_24' title="bbox 323 3057 1463 3140; baseline -0.004 -19"><span class='ocrx_word' id='word_1_202' title='bbox 323 3058 508 3122; x_wconf 89' lang='lat' dir='ltr'>alterutrum</span> <span class='ocrx_word' id='word_1_203' title='bbox 529 3057 635 3120; x_wconf 88' lang='lat' dir='ltr'>dicant</span> <span class='ocrx_word' id='word_1_204' title='bbox 655 3057 800 3140; x_wconf 88' lang='lat' dir='ltr'>spiritum</span> <span class='ocrx_word' id='word_1_205' title='bbox 817 3060 961 3120; x_wconf 89' lang='lat' dir='ltr'>sanetum</span> <span class='ocrx_word' id='word_1_206' title='bbox 978 3057 1027 3120; x_wconf 90' lang='lat' dir='ltr'>dei</span> <span class='ocrx_word' id='word_1_207' title='bbox 1044 3059 1098 3120; x_wconf 87' lang='lat' dir='ltr'>aut</span> <span class='ocrx_word' id='word_1_208' title='bbox 1114 3059 1288 3120; x_wconf 86' lang='lat' dir='ltr'>creaturam</span> <span class='ocrx_word' id='word_1_209' title='bbox 1305 3058 1359 3118; x_wconf 88' lang='lat' dir='ltr'>ant</span> <span class='ocrx_word' id='word_1_210' title='bbox 1379 3057 1463 3118; x_wconf 88' lang='lat' dir='ltr'>certe</span> 
     </span>
     <span class='ocr_line' id='line_1_25' title="bbox 324 3160 1463 3244; baseline -0.002 -20"><span class='ocrx_word' id='word_1_211' title='bbox 324 3162 426 3244; x_wconf 89' lang='lat' dir='ltr'>ipsum</span> <span class='ocrx_word' id='word_1_212' title='bbox 450 3165 571 3244; x_wconf 92' lang='lat' dir='ltr'>patrem</span> <span class='ocrx_word' id='word_1_213' title='bbox 595 3180 663 3225; x_wconf 91' lang='lat' dir='ltr'>esse</span> <span class='ocrx_word' id='word_1_214' title='bbox 687 3161 884 3226; x_wconf 89' lang='lat' dir='ltr'>credendum.</span> <span class='ocrx_word' id='word_1_215' title='bbox 924 3161 1035 3225; x_wconf 90' lang='lat' dir='ltr'>merito</span> <span class='ocrx_word' id='word_1_216' title='bbox 1066 3161 1118 3242; x_wconf 93' lang='lat' dir='ltr'>qui</span> <span class='ocrx_word' id='word_1_217' title='bbox 1148 3160 1294 3244; x_wconf 77' lang='lat' dir='ltr'>spititum</span> <span class='ocrx_word' id='word_1_218' title='bbox 1318 3161 1463 3224; x_wconf 87' lang='lat' dir='ltr'>sanctum</span> 
     </span>
    </p>

    <p class='ocr_par' dir='ltr' id='par_1_6' title="bbox 271 3264 1463 3557">
     <span class='ocr_line' id='line_1_26' title="bbox 271 3264 1463 3348; baseline -0.003 -18"><span class='ocrx_word' id='word_1_219' title='bbox 271 3291 297 3330; x_wconf 77' lang='lat' dir='ltr'>as</span> <span class='ocrx_word' id='word_1_220' title='bbox 324 3283 386 3331; x_wconf 89' lang='lat' dir='ltr'>non</span> <span class='ocrx_word' id='word_1_221' title='bbox 417 3264 590 3346; x_wconf 82' lang='lat' dir='ltr'>confitetur,</span> <span class='ocrx_word' id='word_1_222' title='bbox 621 3284 719 3347; x_wconf 89' lang='lat' dir='ltr'>usque</span> <span class='ocrx_word' id='word_1_223' title='bbox 750 3265 789 3330; x_wconf 83' lang='lat' dir='ltr'>ad</span> <span class='ocrx_word' id='word_1_224' title='bbox 820 3265 1041 3330; x_wconf 87' lang='lat' dir='ltr'>contumeliam</span> <span class='ocrx_word' id='word_1_225' title='bbox 1071 3264 1168 3348; x_wconf 87' lang='lat' dir='ltr'>petris</span> <span class='ocrx_word' id='word_1_226' title='bbox 1200 3264 1330 3329; x_wconf 84' lang='lat' dir='ltr'>contusa</span> <span class='ocrx_word' id='word_1_227' title='bbox 1358 3267 1463 3328; x_wconf 91' lang='lat' dir='ltr'>mente</span> 
     </span>
     <span class='ocr_line' id='line_1_27' title="bbox 325 3368 1462 3453; baseline -0.002 -20"><span class='ocrx_word' id='word_1_228' title='bbox 325 3369 510 3434; x_wconf 90' lang='lat' dir='ltr'>deuoluitur.</span> <span class='ocrx_word' id='word_1_229' title='bbox 550 3370 657 3451; x_wconf 92' lang='lat' dir='ltr'>utique</span> <span class='ocrx_word' id='word_1_230' title='bbox 681 3370 707 3433; x_wconf 89' lang='lat' dir='ltr'>si</span> <span class='ocrx_word' id='word_1_231' title='bbox 727 3371 849 3434; x_wconf 86' lang='lat' dir='ltr'>tectura</span> <span class='ocrx_word' id='word_1_232' title='bbox 865 3373 921 3450; x_wconf 90' lang='lat' dir='ltr'>est,</span> <span class='ocrx_word' id='word_1_233' title='bbox 945 3369 984 3434; x_wconf 87' lang='lat' dir='ltr'>od</span> <span class='ocrx_word' id='word_1_234' title='bbox 999 3369 1096 3453; x_wconf 89' lang='lat' dir='ltr'>patris</span> <span class='ocrx_word' id='word_1_235' title='bbox 1112 3387 1174 3434; x_wconf 89' lang='lat' dir='ltr'>non</span> <span class='ocrx_word' id='word_1_236' title='bbox 1189 3371 1293 3452; x_wconf 87' lang='lat' dir='ltr'>potest</span> <span class='ocrx_word' id='word_1_237' title='bbox 1307 3368 1462 3451; x_wconf 89' lang='lat' dir='ltr'>pertinere</span> 
     </span>
     <span class='ocr_line' id='line_1_28' title="bbox 325 3473 1463 3557; baseline -0.003 -19"><span class='ocrx_word' id='word_1_238' title='bbox 325 3473 544 3538; x_wconf 88' lang='lat' dir='ltr'>substantiam.</span> <span class='ocrx_word' id='word_1_239' title='bbox 584 3474 610 3537; x_wconf 91' lang='lat' dir='ltr'>si</span> <span class='ocrx_word' id='word_1_240' title='bbox 630 3491 703 3538; x_wconf 89' lang='lat' dir='ltr'>uero</span> <span class='ocrx_word' id='word_1_241' title='bbox 724 3493 795 3538; x_wconf 90' lang='lat' dir='ltr'>eum</span> <span class='ocrx_word' id='word_1_242' title='bbox 811 3478 974 3556; x_wconf 87' lang='lat' dir='ltr'>paternam</span> <span class='ocrx_word' id='word_1_243' title='bbox 991 3477 1082 3557; x_wconf 88' lang='lat' dir='ltr'>putas</span> <span class='ocrx_word' id='word_1_244' title='bbox 1099 3493 1166 3536; x_wconf 80' lang='lat' dir='ltr'>esse</span> <span class='ocrx_word' id='word_1_245' title='bbox 1183 3473 1366 3556; x_wconf 90' lang='lat' dir='ltr'>potentiam,</span> <span class='ocrx_word' id='word_1_246' title='bbox 1386 3489 1463 3554; x_wconf 92' lang='lat' dir='ltr'>quo-</span> 
     </span>
    </p>
   </div>
   <div class='ocr_carea' id='block_1_6' title="bbox 428 3671 665 3742">
    <p class='ocr_par' dir='ltr' id='par_1_7' title="bbox 428 3671 665 3742">
     <span class='ocr_line' id='line_1_29' title="bbox 428 3671 665 3742; baseline -0.008 -14"><span class='ocrx_word' id='word_1_247' title='bbox 428 3673 456 3742; x_wconf 85' lang='lat' dir='ltr'>e]</span> <span class='ocrx_word' id='word_1_248' title='bbox 475 3671 555 3726; x_wconf 79' lang='lat' dir='ltr'>mou.</span> <span class='ocrx_word' id='word_1_249' title='bbox 569 3675 611 3741; x_wconf 84' lang='lat' dir='ltr'>aa,</span> <span class='ocrx_word' id='word_1_250' title='bbox 626 3675 665 3728; x_wconf 81' lang='lat'>14.</span> 
     </span>
    </p>
   </div>
   <div class='ocr_carea' id='block_1_7' title="bbox 324 3855 1465 4100">
    <p class='ocr_par' dir='ltr' id='par_1_8' title="bbox 324 3855 1465 4100">
     <span class='ocr_line' id='line_1_30' title="bbox 369 3855 1465 3928; baseline -0.004 -16"><span class='ocrx_word' id='word_1_251' title='bbox 369 3859 712 3926; x_wconf 81' lang='lat' dir='ltr'>lnecnon-protestatur</span> <span class='ocrx_word' id='word_1_252' title='bbox 734 3875 784 3913; x_wconf 85' lang='lat' dir='ltr'>om.</span> <span class='ocrx_word' id='word_1_253' title='bbox 805 3857 838 3923; x_wconf 88' lang='lat' dir='ltr'>P,</span> <span class='ocrx_word' id='word_1_254' title='bbox 861 3857 924 3912; x_wconf 82' lang='lat' dir='ltr'>add.</span> <span class='ocrx_word' id='word_1_255' title='bbox 943 3858 974 3912; x_wconf 79' lang='lat' dir='ltr'>in</span> <span class='ocrx_word' id='word_1_256' title='bbox 997 3873 1082 3928; x_wconf 79' lang='lat' dir='ltr'>morp.</span> <span class='ocrx_word' id='word_1_257' title='bbox 1100 3857 1138 3910; x_wconf 74' lang='lat' dir='ltr'>P2</span> <span class='ocrx_word' id='word_1_258' title='bbox 1207 3855 1346 3925; x_wconf 84' lang='lat' dir='ltr'>profitetur</span> <span class='ocrx_word' id='word_1_259' title='bbox 1369 3855 1410 3909; x_wconf 83' lang='lat' dir='ltr'>P²</span> <span class='ocrx_word' id='word_1_260' title='bbox 1431 3855 1465 3909; x_wconf 78' lang='lat' dir='ltr'>in</span> 
     </span>
     <span class='ocr_line' id='line_1_31' title="bbox 324 3942 1464 4014; baseline 0 -16"><span class='ocrx_word' id='word_1_261' title='bbox 324 3961 408 4014; x_wconf 71' lang='lat' dir='ltr'>uterq.</span> <span class='ocrx_word' id='word_1_262' title='bbox 462 3946 587 3998; x_wconf 83' lang='lat' dir='ltr'>2autem</span> <span class='ocrx_word' id='word_1_263' title='bbox 606 3961 657 4000; x_wconf 86' lang='lat' dir='ltr'>om.</span> <span class='ocrx_word' id='word_1_264' title='bbox 670 3944 698 3999; x_wconf 90' lang='lat' dir='ltr'><strong><em>P</em></strong></span> <span class='ocrx_word' id='word_1_265' title='bbox 750 3945 829 3998; x_wconf 83' lang='lat' dir='ltr'>etiam</span> <span class='ocrx_word' id='word_1_266' title='bbox 845 3950 908 4013; x_wconf 86' lang='lat' dir='ltr'>post</span> <span class='ocrx_word' id='word_1_267' title='bbox 926 3943 1035 4012; x_wconf 72' lang='lat' dir='ltr'>Moysen</span> <span class='ocrx_word' id='word_1_268' title='bbox 1053 3945 1131 3999; x_wconf 80' lang='lat' dir='ltr'>babet</span> <span class='ocrx_word' id='word_1_269' title='bbox 1144 3945 1171 3998; x_wconf 94' lang='lat' dir='ltr'><strong><em>P</em></strong></span> <span class='ocrx_word' id='word_1_270' title='bbox 1220 3942 1464 3998; x_wconf 82' lang='lat' dir='ltr'>‹taeternitatcmo</span> 
     </span>
     <span class='ocr_line' id='line_1_32' title="bbox 324 4030 1463 4100; baseline -0.002 -14"><span class='ocrx_word' id='word_1_271' title='bbox 324 4032 507 4086; x_wconf 77' lang='lat' dir='ltr'>5esseonnP</span> <span class='ocrx_word' id='word_1_272' title='bbox 551 4030 785 4100; x_wconf 71' lang='lat' dir='ltr'>prtusestomP</span> <span class='ocrx_word' id='word_1_273' title='bbox 832 4031 1060 4085; x_wconf 80' lang='lat' dir='ltr'>bessenetumP</span> <span class='ocrx_word' id='word_1_274' title='bbox 1105 4031 1272 4084; x_wconf 86' lang='lat' dir='ltr'>exstitisseP</span> <span class='ocrx_word' id='word_1_275' title='bbox 1321 4031 1463 4084; x_wconf 69' lang='lat' dir='ltr'>Iuliorum</span> 
     </span>
    </p>
   </div>
   <div class='ocr_carea' id='block_1_8' title="bbox 323 4101 1466 4300">
    <p class='ocr_par' dir='ltr' id='par_1_9' title="bbox 323 4101 1466 4300">
     <span class='ocr_line' id='line_1_33' title="bbox 323 4101 1464 4212; baseline 0.001 -17"><span class='ocrx_word' id='word_1_276' title='bbox 323 4142 461 4199; x_wconf 71' lang='lat' dir='ltr'>illectae</span> <span class='ocrx_word' id='word_1_277' title='bbox 513 4143 644 4212; x_wconf 75' lang='lat' dir='ltr'>Sospite]</span> <span class='ocrx_word' id='word_1_278' title='bbox 659 4159 794 4212; x_wconf 84' lang='lat' dir='ltr'>corporeo</span> <span class='ocrx_word' id='word_1_279' title='bbox 847 4144 1004 4199; x_wconf 88' lang='lat' dir='ltr'>minorem-o</span> <span class='ocrx_word' id='word_1_280' title='bbox 1060 4147 1091 4198; x_wconf 88' lang='lat'>10</span> <span class='ocrx_word' id='word_1_281' title='bbox 1109 4101 1300 4212; x_wconf 51' lang='lat' dir='ltr'>antiquus¹V0</span> <span class='ocrx_word' id='word_1_282' title='bbox 1319 4143 1464 4208; x_wconf 61' lang='lat' dir='ltr'>mauult.)</span> 
     </span>
     <span class='ocr_line' id='line_1_34' title="bbox 324 4227 1466 4300; baseline -0.001 -17"><span class='ocrx_word' id='word_1_283' title='bbox 324 4231 482 4298; x_wconf 86' lang='lat' dir='ltr'>unquemP</span> <span class='ocrx_word' id='word_1_284' title='bbox 527 4229 594 4283; x_wconf 83' lang='lat' dir='ltr'>facie</span> <span class='ocrx_word' id='word_1_285' title='bbox 607 4247 743 4286; x_wconf 74' lang='lat' dir='ltr'>suamne</span> <span class='ocrx_word' id='word_1_286' title='bbox 791 4231 945 4285; x_wconf 81' lang='lat' dir='ltr'>asserereP</span> <span class='ocrx_word' id='word_1_287' title='bbox 992 4231 1251 4300; x_wconf 72' lang='lat' dir='ltr'>ltamcpruetrP²</span> <span class='ocrx_word' id='word_1_288' title='bbox 1300 4233 1331 4286; x_wconf 80' lang='lat'>18</span> <span class='ocrx_word' id='word_1_289' title='bbox 1343 4227 1423 4282; x_wconf 93' lang='lat' dir='ltr'>michi</span> <span class='ocrx_word' id='word_1_290' title='bbox 1437 4229 1466 4282; x_wconf 94' lang='lat' dir='ltr'><strong><em>P</em></strong></span> 
     </span>
    </p>
   </div>
   <div class='ocr_carea' id='block_1_9' title="bbox 323 4309 1464 4500">
    <p class='ocr_par' dir='ltr' id='par_1_10' title="bbox 323 4309 1464 4500">
     <span class='ocr_line' id='line_1_35' title="bbox 325 4309 1464 4410; baseline -0.002 -12"><span class='ocrx_word' id='word_1_291' title='bbox 325 4346 356 4398; x_wconf 86' lang='lat'>19</span> <span class='ocrx_word' id='word_1_292' title='bbox 381 4309 483 4410; x_wconf 60' lang='lat' dir='ltr'>quoue}</span> <span class='ocrx_word' id='word_1_293' title='bbox 507 4343 534 4397; x_wconf 90' lang='lat' dir='ltr'><strong><em>P</em></strong></span> <span class='ocrx_word' id='word_1_294' title='bbox 555 4343 584 4408; x_wconf 89' lang='lat' dir='ltr'>(n</span> <span class='ocrx_word' id='word_1_295' title='bbox 607 4361 677 4398; x_wconf 80' lang='lat' dir='ltr'>mue.</span> <span class='ocrx_word' id='word_1_296' title='bbox 692 4343 751 4409; x_wconf 84' lang='lat' dir='ltr'>alt.)</span> <span class='ocrx_word' id='word_1_297' title='bbox 822 4343 853 4398; x_wconf 92' lang='grc'>21</span> <span class='ocrx_word' id='word_1_298' title='bbox 874 4359 929 4396; x_wconf 92' lang='lat' dir='ltr'>nun</span> <span class='ocrx_word' id='word_1_299' title='bbox 950 4343 977 4397; x_wconf 90' lang='lat' dir='ltr'><strong><em>P</em></strong></span> <span class='ocrx_word' id='word_1_300' title='bbox 1046 4341 1247 4398; x_wconf 79' lang='lat' dir='ltr'>referendame</span> <span class='ocrx_word' id='word_1_301' title='bbox 1316 4345 1348 4398; x_wconf 93' lang='grc'>22</span> <span class='ocrx_word' id='word_1_302' title='bbox 1366 4341 1464 4396; x_wconf 85' lang='lat' dir='ltr'>huico</span> 
     </span>
     <span class='ocr_line' id='line_1_36' title="bbox 323 4429 1020 4500; baseline 0 -17"><span class='ocrx_word' id='word_1_303' title='bbox 323 4430 469 4500; x_wconf 84' lang='lat' dir='ltr'>impietatis</span> <span class='ocrx_word' id='word_1_304' title='bbox 492 4431 517 4484; x_wconf 90' lang='lat' dir='ltr'><em>V</em></span> <span class='ocrx_word' id='word_1_305' title='bbox 568 4431 601 4484; x_wconf 92' lang='grc'>23</span> <span class='ocrx_word' id='word_1_306' title='bbox 621 4429 713 4483; x_wconf 89' lang='lat' dir='ltr'>dicunt</span> <span class='ocrx_word' id='word_1_307' title='bbox 737 4430 762 4484; x_wconf 90' lang='lat' dir='ltr'><em>V</em></span> <span class='ocrx_word' id='word_1_308' title='bbox 812 4433 972 4486; x_wconf 68' lang='lat' dir='ltr'>tilestuna.</span> <span class='ocrx_word' id='word_1_309' title='bbox 993 4431 1020 4483; x_wconf 88' lang='lat' dir='ltr'><strong><em>P</em></strong></span> 
     </span>
    </p>
   </div>
   <div class='ocr_carea' id='block_1_10' title="bbox 0 0 1626 5130">
    <p class='ocr_par' dir='ltr' id='par_1_11' title="bbox 0 0 1626 5130">
     <span class='ocr_line' id='line_1_37' title="bbox 0 0 1626 5130; baseline 0 0"><span class='ocrx_word' id='word_1_310' title='bbox 0 0 1626 5130; x_wconf 95' lang='lat' dir='ltr'> </span> 
     </span>
    </p>
   </div>
  </div>
 </body>
</html>
