3264 5134
300 487 344 552 40
763 486 784 540 l.
803 485 848 538 De
866 485 974 554 gratia

229 687 231 696 ¹
302 667 404 728 tuero
427 663 549 744 illum,
573 665 679 744 aperte
702 661 838 727 ostendit
861 664 979 726 statum
1006 661 1140 726 hominis
1167 661 1198 726 in
1226 659 1348 726 diuersa
1375 679 1437 725 non

300 786 355 851 pro
379 767 598 833 constitutione
630 767 687 848 dei,
719 767 773 855 sed
802 785 858 849 pro
886 766 1002 831 arbitrii
1029 766 1172 830 libertate
1194 785 1286 848 posse
1309 767 1436 830 uersari.

302 873 355 935 sed
376 875 407 936 et
421 872 528 936 Esaias
553 872 712 936 euidenter
735 871 880 936 adfirmat
900 872 1069 952 deprauata
1084 871 1195 954 corrigi
1211 875 1242 934 et
1257 870 1330 934 dilui
1344 889 1437 952 posse

302 977 467 1056 maculata,
483 995 554 1040 enm
571 977 610 1040 ad
624 980 802 1059 peccatores
818 977 953 1058 loquitur
969 976 1087 1040 dicens:
1103 975 1296 1056 lanamini,
1312 975 1437 1039 mundi

263 1108 276 1147 ⁵
303 1084 436 1161 estote,
460 1082 605 1144 auferte
621 1081 756 1145 malum
773 1081 1039 1164 cogitationum
1056 1082 1265 1145 uestrarum
1289 1079 1333 1145 ab
1356 1095 1437 1145 ocu·

301 1185 348 1249 lis
371 1185 472 1249 meis

832 1341 905 1404 XII.

301 1484 377 1526 luam
403 1483 505 1526 UELLE
534 1485 573 1526 ΕΤ
599 1484 701 1526 NOLLE
730 1484 818 1526 slcuu
846 1484 889 1525 Au
917 1485 1027 1526 unuln(
1054 1485 1107 1527 l'l'A
1135 1487 1234 1526 B'HAM
1261 1487 1304 1527 AD
1331 1487 1437 1529 BONAH

412 1571 538 1612 Planum
561 1572 689 1613 HOMINIS
712 1571 860 1612 ARBITRIO
883 1571 985 1612 Percu
1007 1572 1116 1614 sulssn
1140 1571 1328 1615 comesum.

250 1733 275 1772 m
344 1706 430 1770 Inter
451 1706 528 1770 haec
551 1705 683 1770 sollicite
706 1705 794 1770 nobis
823 1707 905 1789 apud
931 1706 1104 1771 haereticos
1132 1708 1350 1788 requirendum
1379 1691 1435 1790 est,

301 1813 407 1874 utrum
429 1810 522 1874 homo
546 1811 662 1875 bonnm
686 1828 748 1874 non
770 1812 869 1892 possit
892 1829 931 1874 an
954 1811 1039 1876 nolit.
1083 1812 1176 1876 insita
1198 1813 1314 1878 homini
1336 1811 1436 1877 bonae

302 1915 423 1978 semine
445 1915 614 1978 uoluntatis
646 1915 805 1979 euidenter
829 1915 974 1998 adsignat
996 1916 1040 1980 ita
1064 1911 1192 1980 dicens:¹
1216 1917 1245 1982 si
1272 1918 1436 1983 nolueris

301 2017 678 2104 mandatalseruare]
702 2020 980 2085 consernabunt
1002 2025 1052 2100 te,
1077 2025 1124 2084 et:
1149 2022 1223 2086 noli
1240 2022 1437 2088 deficeres

302 2123 502 2206 disciplina
518 2123 669 2204 domini,
687 2129 731 2188 et:
752 2125 828 2188 noli
845 2125 1034 2188 abstinere
1049 2126 1142 2189 bene
1157 2126 1280 2191 faeere
1296 2129 1435 2211 egenti,

250 2253 275 2294 m
302 2232 349 2291 et:
373 2229 448 2292 noli
463 2227 640 2292 fabricari
655 2229 691 2292 in
712 2229 867 2292 amioum
885 2233 986 2293 tuum
1004 2231 1113 2310 mala,
1138 2234 1184 2294 et:
1209 2231 1324 2296 nolite
1340 2231 1435 2313 fieri,

302 2332 399 2396 sient
426 2351 541 2413 equus
572 2337 607 2396 et
638 2333 774 2412 mulus,
805 2333 840 2396 in
868 2333 1003 2415 quibus
1027 2352 1098 2398 non
1122 2341 1178 2399 est
1200 2337 1435 2417 intellectae,

301 2439 349 2499 et:
373 2436 448 2500 noli
471 2437 666 2518 repudiare
687 2438 846 2501 consilia
869 2439 1001 2503 matris
1024 2444 1124 2520 tuae,
1148 2445 1195 2504 ot:
1220 2440 1296 2505 noli
1318 2441 1436 2505 inten-

301 2539 384 2603 dere
415 2540 542 2604 fallaci
574 2541 736 2622 mulieri,
768 2546 814 2605 et:
850 2543 971 2607 noluit
1000 2544 1237 2627 intellegere,
1271 2548 1312 2608 nt
1343 2544 1435 2609 bene

301 2649 441 2728 ageret,
476 2651 523 2709 et:
556 2647 757 2711 noluerunt
787 2648 955 2730 accipere
986 2649 1230 2731 disciplinam.
1275 2652 1323 2713 cui
1354 2649 1435 2714 nolle

247 2775 273 2815 m
300 2747 442 2830 obicitur,
465 2751 547 2814 uelle
569 2752 601 2814 in
624 2755 770 2833 promptu
793 2751 888 2815 luisse
913 2753 1072 2817 euidenter
1087 2753 1269 2818 ostenditur.
1302 2757 1333 2818 et
1347 2755 1436 2837 plura

300 2854 412 2918 similia
436 2856 561 2919 suntin
586 2857 716 2938 eloquiis
740 2857 854 2920 ueteris
878 2860 1067 2938 testamenti,
1099 2876 1178 2940 quae
1206 2859 1309 2923 omnia
1335 2859 1435 2943 ipsam

299 2959 474 3039 specialiter
504 2963 721 3044 constringunt
752 2967 782 3025 et
812 2964 1002 3028 connincunt
1035 2963 1238 3027 uoluntatem.
1287 2964 1318 3027 in
1349 2962 1435 3026 libris

299 3063 394 3128 etiam
417 3064 506 3128 nouis
530 3065 717 3148 euangelicis
741 3071 772 3130 et
796 3068 981 3148 apostoliam,
1013 3067 1084 3148 qnid
1113 3067 1195 3130 alind
1223 3068 1281 3131 nisi
1308 3067 1435 3132 libertas

298 3167 468 3231 uoluntatis
492 3170 674 3248 ostenditur,
702 3169 904 3235 ubidicitur:
936 3171 1051 3235 nolite
1079 3171 1335 3236 thesaurizare
1358 3172 1435 3237 the·

246 3295 271 3334 11
299 3288 427 3335 sauros
444 3272 480 3334 in
496 3277 609 3352 terra,
633 3277 681 3336 et:
706 3275 820 3338 nolite
842 3293 902 3338 eos
926 3275 1071 3355 timere,
1093 3277 1153 3357 qui
1174 3277 1346 3341 occidunt
1362 3295 1436 3342 eor·

297 3393 374 3458 pue.
414 3375 529 3440 sobrii
560 3382 698 3458 estote,
730 3379 819 3442 iusti
851 3383 886 3443 et
918 3380 1032 3443 nolite
1063 3398 1231 3462 peccare,
1263 3381 1301 3445 ad
1331 3381 1435 3445 Timo-

298 3478 420 3543 theum:
444 3481 519 3544 noli
540 3483 738 3565 neglegere
759 3484 934 3565 gratiam,
958 3501 1050 3566 quae
1071 3484 1107 3547 in
1128 3489 1162 3548 te
1186 3489 1251 3549 est.
1287 3505 1353 3551 neo
1376 3486 1435 3551 bo·

400 3660 428 3729 4]
447 3660 515 3714 Esai.
533 3663 555 3724 1,
570 3664 609 3716 lo.
675 3661 717 3730 l2]
737 3662 925 3728 1111111516.
991 3663 1034 3732 13]
1054 3665 1171 3728 Prou.3‚
1187 3667 1225 3720 11.
1290 3667 1334 3735 15]
1353 3667 1433 3721 Prou.

297 3749 321 3810 3,
335 3749 375 3801 29.
429 3746 526 3800 Psalm.
541 3749 582 3811 31,
596 3750 619 3803 9.
676 3748 718 3817 17]
738 3749 818 3805 Pron.
833 3753 856 3814 6,
870 3754 910 3807 20.
968 3751 1046 3804 Pron.
1061 3754 1085 3816 5,
1098 3755 1121 3806 2.
1180 3752 1224 3821 18]
1243 3752 1341 3808 Pselm.
1355 3755 1396 3818 35,
1409 3758 1433 3809 4.

298 3832 342 3902 19]
365 3832 457 3887 lenem.
476 3837 499 3899 5,
518 3837 541 3890 3.
607 3835 653 3904 24]
676 3835 772 3890 Matth.
791 3839 814 3900 6,
835 3839 873 3892 19.
938 3837 983 3905 25]
1001 3837 1097 3891 Matth.
1113 3841 1152 3902 10,
1166 3841 1211 3903 28;
1232 3842 1243 3894 1
1265 3837 1323 3894 Cor.
1338 3843 1378 3905 15,
1391 3842 1433 3896 34.

296 3919 342 3988 27]
363 3922 375 3974 l
396 3920 462 3974 Tim.
476 3924 500 3984 4,
516 3923 560 3984 l4;
578 3920 691 3978 Philcm.
707 3925 745 3978 14.

339 4083 499 4151 aparbitrii
523 4103 554 4141 ea
575 4087 696 4156 perbitrii
720 4089 748 4142 P
816 4091 832 4142 4
855 4087 1063 4144 immaculatae
1138 4094 1154 4146 9
1177 4089 1271 4160 luisse]
1294 4092 1339 4160 qui
1363 4107 1389 4145 se
1409 4093 1437 4146 P

296 4171 457 4224 conmissum
481 4173 508 4227 P
578 4176 609 4228 lo
632 4174 762 4228 hereticos
786 4177 812 4228 P
882 4177 911 4230 11
936 4175 1014 4229 nollit
1037 4178 1064 4230 P
1134 4181 1166 4233 l2
1186 4177 1344 4247 uoluntatis]
1363 4177 1433 4246 quod

296 4257 388 4312 addc
436 4259 467 4314 13
481 4261 702 4325 seruerecddidt,
716 4279 766 4317 om.
780 4262 807 4314 P
853 4265 881 4315 et
893 4281 972 4318 cmv
1020 4267 1051 4319 17
1065 4263 1249 4333 repudeareP
1299 4267 1433 4334 20prom-

296 4349 339 4396 tus
353 4345 380 4398 P
424 4347 458 4401 22
470 4347 673 4401 conueniuntP
723 4349 756 4403 23
769 4347 958 4417 apostolicisP
1009 4353 1041 4407 24
1058 4351 1223 4406 thesauroP
1274 4353 1308 4408 26
1327 4353 1436 4407 stoteP

295 4431 414 4506 peccare]
433 4435 459 4487 et
477 4434 576 4489 addc
628 4433 783 4488 timothinm
801 4435 828 4489 P
