3264 5134
681 461 777 515 Liber
795 463 809 515 I
828 465 902 518 6-7.

752 707 822 772 VH.

220 849 343 890 coram
368 849 439 911 noc,
463 850 548 899 0001>
571 851 687 894 DICUNT
714 852 854 894 LIBEBUH
881 853 1053 896 anemalata
1081 853 1121 894 EX
1143 851 1224 894 TOTO
1246 851 1355 895 atussa

701 938 875 980 SUBLATUM.

263 1053 366 1118 Huius
400 1053 548 1138 inprobae
582 1055 790 1138 persuasionis
825 1057 960 1120 assertor
997 1055 1156 1120 hominem
1193 1055 1354 1120 intelleetn

220 1157 456 1240 locupletatum,
479 1159 598 1222 ratione
620 1159 807 1241 praeditum,
836 1159 959 1223 diuinae
986 1159 1130 1242 imaginis
1160 1159 1276 1223 bonore
1303 1160 1355 1224 da·
1395 1177 1407 1212 ⁵

220 1265 362 1325 ceratum
385 1261 485 1326 brutis
509 1262 719 1326 animantibus
743 1268 775 1330 et
796 1263 946 1327 iumentis
969 1263 1186 1344 insipientibus
1210 1263 1357 1328 aestimat

220 1366 464 1447 conparandum,
487 1370 522 1430 nt
544 1367 582 1430 ad
605 1369 689 1430 uiam
711 1371 829 1431 rectam
845 1368 929 1431 nullo
947 1384 1002 1431 sno
1018 1368 1123 1447 duetn,
1147 1367 1202 1432 sed
1221 1367 1355 1431 uiolento

221 1473 346 1532 tantum
369 1470 502 1534 austeris
525 1471 654 1552 imperio
677 1471 883 1554 pertrahatur.
923 1487 982 1553 quo
1012 1489 1126 1554 genere
1157 1489 1228 1534 eum
1260 1470 1355 1534 etiam

221 1571 456 1637 insensibilibus
473 1573 649 1638 adsimilare
666 1575 826 1639 contendit
841 1575 1014 1654 elementis,
1039 1577 1074 1638 nt
1089 1575 1169 1638 sient
1185 1573 1222 1636 de
1237 1574 1355 1638 ratione

220 1681 385 1758 terrarum,
408 1695 487 1759 quae
510 1677 588 1742 nihil
610 1677 763 1742 ubertatis
780 1678 906 1743 arbitrio
923 1697 978 1742 sne
994 1678 1164 1761 proterunt,
1188 1695 1267 1759 qnae
1286 1695 1356 1760 pro-
1384 1694 1408 1730 10

219 1781 305 1863 priae
341 1781 541 1846 leennditatis
572 1782 699 1865 ignarae
730 1785 819 1862 sunt,
853 1783 964 1864 quibus
999 1799 1109 1846 sensns
1140 1781 1268 1845 alieuius
1300 1799 1356 1844 nea

220 1885 349 1948 libertas
373 1884 512 1968 subpetit
535 1903 592 1949 neo
615 1886 770 1965 uoluntas,
794 1886 919 1968 frugum
943 1890 1048 1949 tamen
1068 1887 1238 1967 prouentus
1255 1903 1291 1948 er
1307 1885 1355 1948 his

221 1989 340 2052 cultore
362 1991 510 2070 operante
534 1989 707 2071 sapiuntur,
738 1991 782 2053 ita
812 2007 848 2052 er
878 1989 1003 2053 homine
1034 1989 1072 2052 ab
1100 1988 1185 2052 omni
1213 1989 1355 2052 exercitio

220 2091 346 2156 uirtutis
376 2093 475 2156 otioso
505 2092 641 2156 institiae
672 2093 790 2158 fruetus
820 2111 857 2157 ae
886 2093 1038 2157 bonarum
1069 2111 1173 2157 rerum
1200 2093 1354 2175 adpetitus

222 2200 316 2277 atque
339 2195 496 2278 profectus
519 2196 585 2260 solo
601 2196 657 2261 deo
680 2197 845 2261 insistente
861 2200 1024 2262 sumantur
1048 2199 1089 2277 et,
1113 2197 1201 2278 quasi
1221 2196 1253 2260 in
1269 2196 1354 2260 nulle
1382 2213 1406 2251 ¹⁵

220 2301 271 2363 nel
288 2299 404 2364 sentiat
419 2299 470 2362 uel
486 2300 670 2380 consentiat,
693 2301 746 2381 ita,
767 2318 979 2382 qnaeonmqne
995 2300 1158 2384 adpetierit
1172 2300 1354 2383 gesseritue,

218 2405 252 2468 in
277 2403 361 2468 nullo
385 2403 423 2466 arl
447 2405 594 2467 nonatum
617 2405 682 2468 eins
705 2422 742 2468 ae
769 2403 907 2469 studium
934 2405 1086 2486 pertinere
1113 2403 1296 2482 iudicentur,
1324 2406 1356 2467 et

220 2509 303 2572 siout
325 2525 409 2572 mare
433 2526 594 2592 magnum,
625 2509 705 2590 qnod
735 2509 795 2573 hue
823 2513 915 2591 atque
943 2509 1016 2573 illno
1039 2509 1140 2572 nentis
1164 2506 1354 2592 agitantibus

220 2613 391 2692 mimator,
418 2613 462 2676 ita
489 2612 527 2676 ad
549 2612 762 2695 quodonmque
784 2612 902 2678 bonum
924 2613 1045 2678 laeinns
1069 2612 1134 2676 sine
1157 2612 1220 2676 ullo
1243 2611 1354 2675 affeetu

220 2733 278 2780 suo
308 2716 373 2780 solo
404 2715 529 2780 diuinae
558 2717 722 2798 potestatis
756 2717 882 2798 inpulsu
913 2737 1002 2782 mens
1032 2717 1169 2781 humana
1199 2719 1351 2779 uersatur.
1380 2728 1406 2768 ²0

219 2838 302 2902 qnae
318 2839 396 2884 enm
419 2820 463 2884 ita
486 2820 559 2900 sint,
587 2820 614 2884 si
641 2820 800 2884 hominem
831 2840 849 2884 a
879 2821 1004 2884 sinistra
1033 2820 1107 2883 mali
1139 2837 1199 2883 non
1230 2821 1355 2883 renooat
1432 2883 1435 2888 .

219 2925 410 3004 intelleetus‚
434 2925 461 2988 si
484 2923 523 2988 ad
546 2923 705 2988 dexteram
727 2924 800 2989 boni
823 2943 885 2990 non
901 2924 1015 2988 eroitat
1038 2923 1184 3003 ambitus,
1207 2923 1270 2986 iam
1293 2941 1353 2987 non

219 3028 356 3092 heminis
380 3027 535 3092 tenebitur
558 3028 743 3108 conditione,
766 3029 821 3092 sed
843 3029 979 3112 pecudis.

265 3131 343 3195 Eece
367 3131 540 3196 haeretious
563 3131 621 3196 sub
645 3135 805 3214 praetentu
828 3132 946 3216 gratiae
970 3131 1093 3214 qualem
1113 3131 1182 3194 uult
1196 3131 1354 3194 hominem

219 3255 291 3300 essa
314 3241 384 3318 post
406 3237 549 3319 gratiam.
586 3236 690 3318 itaque
713 3236 740 3300 si
762 3236 895 3300 liberum
919 3235 1082 3300 arbitrium
1106 3253 1141 3298 er
1165 3239 1230 3298 toto
1253 3235 1353 3316 periit,
1380 3249 1406 3288 ²⁵

219 3341 304 3422 quod
327 3340 432 3422 ntique
455 3339 487 3403 in
511 3357 616 3404 amore
638 3340 833 3405 innocentiae
861 3341 911 3404 uel
934 3340 1111 3422 operatione
1140 3339 1276 3402 iustitiae
1304 3339 1353 3402 uel

219 3445 253 3508 in
281 3443 417 3527 eorporis
447 3441 691 3508 sanctificatione
722 3444 871 3524 consistit,
903 3444 928 3508 si
959 3444 1016 3508 hoo
1044 3461 1080 3507 ex
1107 3445 1172 3506 toto
1203 3441 1234 3505 in
1261 3442 1354 3524 primi

218 3547 359 3612 hominis
375 3547 639 3630 praeuaricatione
656 3547 815 3612 sublatum
833 3552 890 3627 est,
907 3546 1059 3629 quomodo
1075 3547 1226 3630 legimns:
1249 3545 1354 3610 iusti-

219 3651 313 3716 tiam
340 3651 487 3731 disoite‚
518 3651 580 3733 qni
610 3650 792 3715 habitatis
823 3653 1039 3738 terrampet
1069 3651 1199 3714 iterum:
1231 3650 1353 3713 iustus

219 3757 346 3820 autem
370 3773 410 3818 er
433 3755 508 3820 lide
532 3773 611 3818 mea
633 3755 742 3836 uiuit,
771 3758 819 3819 et:
848 3755 938 3819 insti
961 3753 1169 3818 hereditate
1192 3753 1354 3836 posside·
1381 3769 1406 3809 eo

327 3951 372 4020 28]
392 3949 460 4004 Esai.
479 3953 521 4014 26,
533 3953 557 4006 9.
619 3950 663 4020 29]
682 3951 762 4005 Hebr.
784 3953 823 4016 111,
837 3953 877 4007 38.
931 3951 976 4020 39]
996 3949 1093 4004 Psalm.
1112 3953 1154 4014 36,
1169 3953 1207 4006 ll.

265 4131 481 4202 sponsationis
504 4133 531 4186 P
599 4131 724 4186 intelectu
748 4135 775 4188 P
843 4131 1068 4201 bloeuplitatum
1094 4133 1120 4186 P
1188 4099 1306 4186 ’11111111
1330 4135 1357 4188 Ρ

217 4227 237 4277 9
256 4217 391 4274 elimentis
409 4220 437 4273 P
484 4221 515 4274 16
533 4217 571 4272 ita
583 4235 762 4287 quaecumque
775 4221 887 4288 conexi,
906 4220 993 4288 itaque
1006 4235 1067 4272 cnm
1080 4235 1145 4287 quae
1165 4219 1198 4286 P,
1215 4219 1254 4272 ita
1266 4235 1355 4274 eume

221 4311 256 4364 19
277 4312 340 4376 port
361 4305 461 4360 bonnm
488 4307 556 4360 mule
577 4307 699 4362 immet
721 4305 801 4362 uela
871 4309 904 4361 23
922 4305 1028 4374 pecodis
1051 4305 1078 4359 P
1128 4307 1162 4360 24
1181 4305 1311 4358 hereticus
1330 4306 1357 4360 P

218 4393 380 4460 1111111111
400 4393 427 4447 P
477 4391 635 4460 2611111111
653 4392 681 4446 P
