3244 5130
689 465 724 518 11.
745 465 789 518 De
808 465 931 534 spiritu
949 470 1062 518 sancto

852 673 905 738 VI.

306 840 358 882 UBI
386 838 576 898 quaeamus,
607 837 715 880 UTRUM
746 835 885 878 armanus
915 836 1025 878 sanctu
1055 837 1252 880 saraballam
1280 837 1445 880 COGNOHEN

703 924 847 965 Puuuuua
869 924 912 965 AN
934 923 1049 964 NOMEN.

348 1060 407 1126 Sed
424 1061 503 1125 inter
520 1061 596 1124 haec
618 1059 839 1141 requirendum
862 1059 972 1136 credis,
996 1063 1101 1123 utrum
1125 1061 1292 1143 appellatio
1316 1061 1441 1144 spiritus

265 1192 278 1230 a
306 1166 415 1246 sancti,
439 1185 532 1248 quem
549 1169 579 1228 et
596 1165 688 1228 deum
705 1183 831 1227 necesse
848 1167 896 1226 est
912 1165 1094 1245 nuncupari,
1120 1182 1232 1228 nornen
1249 1184 1287 1229 an
1311 1166 1442 1230 tortasse

246 1259 247 1274 ¹
305 1291 476 1357 cognomen
500 1273 549 1336 sit.
597 1271 651 1334 sed
678 1288 875 1352 recognosce,
906 1269 979 1350 quia
1010 1269 1051 1349 id,
1083 1270 1163 1350 quod
1193 1270 1274 1354 apud
1301 1271 1441 1335 homines

304 1377 423 1456 nomini
439 1379 575 1440 solemus
592 1375 771 1458 adiungere,
794 1374 842 1437 dei
859 1391 920 1436 non
944 1374 1091 1437 condecet
1113 1374 1279 1454 maiestati,
1304 1375 1336 1438 in
1356 1376 1441 1438 cuius

305 1483 431 1546 nomine
462 1481 607 1563 quicquid
639 1483 688 1543 est
717 1496 914 1560 nequaquam
943 1478 1151 1559 adiectieium,
1182 1479 1237 1542 sed
1260 1479 1327 1543 sine
1351 1479 1441 1544 dubio

305 1587 487 1650 naturaliter
517 1585 742 1668 sempiternum
774 1587 830 1646 est.
876 1583 970 1646 etiarn
994 1583 1133 1646 doctrina
1154 1584 1360 1666 grammatica
1382 1585 1441 1648 alia

253 1715 276 1752 lo
305 1692 431 1754 nomina
454 1689 642 1769 communia,
674 1689 705 1752 id
728 1692 776 1752 est
799 1687 987 1770 appellatiua
1017 1691 1118 1767 uocat,
1149 1687 1210 1751 alia
1233 1689 1389 1770 specialia,
1412 1689 1442 1752 id

304 1801 353 1860 est
374 1796 497 1878 proprie
525 1798 694 1878 nuncupat.
740 1792 913 1872 uideamus,
945 1793 972 1856 si
1002 1793 1034 1855 in
1065 1793 1179 1856 nostris
1210 1793 1268 1857 hoe
1295 1793 1361 1858 loco
1386 1793 1441 1857 ali·

303 1900 376 1981 quid
399 1901 499 1964 simile
522 1899 663 1963 inuenire
686 1898 852 1981 possimus.
898 1896 938 1960 da
961 1897 993 1960 in
1016 1897 1072 1960 deo
1096 1914 1209 1960 nomen
1233 1899 1367 1980 speciale
1391 1897 1440 1962 uel

303 2004 472 2086 proprium,
496 2003 526 2067 id
550 2007 708 2084 estpater
731 2000 865 2065 attilius
889 2004 920 2064 et
943 2001 1069 2082 spiritus
1093 2004 1230 2064 sanctus.
1264 2001 1296 2066 in
1317 2005 1440 2066 tanturn

302 2107 379 2172 haee
408 2108 533 2190 propria
564 2111 648 2187 sunt,
683 2111 719 2170 ut
749 2124 805 2170 nec
836 2106 873 2170 de
904 2105 967 2169 lilio
998 2109 1085 2187 pater
1115 2105 1175 2170 dici
1202 2107 1301 2188 possit
1323 2125 1380 2170 neo
1403 2107 1440 2170 de

251 2217 389 2294 epatre
417 2213 509 2276 facile
537 2212 659 2295 legatur
689 2213 815 2294 spiritus
846 2215 982 2275 sanctus.
1028 2211 1104 2275 item
1128 2211 1167 2274 da
1189 2212 1363 2295 proprium:
1394 2213 1440 2276 in·

302 2317 438 2400 genitus,
469 2317 608 2400 genitus,
643 2335 678 2379 ex
709 2321 839 2398 utroque
870 2317 1049 2399 procedens
1103 2334 1227 2380 rursum
1257 2317 1296 2380 da
1326 2334 1439 2380 nomen

301 2422 445 2505 generale
480 2426 573 2504 atque
608 2439 790 2484 commune:
829 2421 992 2500 molestae,
1030 2420 1229 2500 inmensitas,
1267 2421 1438 2502 plenitudo,

301 2544 393 2606 unua,
424 2526 508 2590 solus
535 2525 621 2590 dens.
668 2525 721 2589 sed
744 2543 817 2588 cum
839 2525 926 2588 audis
950 2542 1041 2604 unna,
1064 2543 1127 2589 nou
1150 2524 1199 2588 hic
1222 2543 1371 2588 numerus
1393 2526 1440 2589 in-

301 2628 441 2708 choatur,
472 2630 527 2693 sed
553 2629 702 2710 perfectio
729 2628 851 2692 infinita
878 2629 1042 2712 colligitur.
1088 2627 1161 2709 quid
1188 2631 1235 2692 est
1257 2641 1358 2710 nnus,
1381 2630 1440 2694 nisi

248 2757 273 2792 a
301 2751 414 2797 nomeu
453 2733 761 2812 incommunicabile,
799 2733 880 2814 quod
914 2751 971 2797 neo
1004 2733 1205 2815 posteriorem
1238 2733 1349 2816 recipit
1383 2752 1439 2798 nec

300 2838 455 2918 priorem?
478 2839 552 2919 quid
564 2841 611 2901 est
622 2856 715 2918 unus,
731 2837 793 2901 nisi
805 2837 946 2919 simplex,
962 2837 1156 2919 inconposita
1171 2841 1201 2900 et
1215 2836 1350 2901 indiuisa
1366 2838 1438 2901 sub-

301 2942 438 3005 stantia?
480 2942 554 3023 quid
576 2961 667 3022 unus,
691 2941 752 3005 nisi
774 2941 1037 3005 incommutabilis
1062 2945 1093 3004 et
1108 2941 1246 3023 aequalis
1263 2957 1299 3005 ac
1315 2961 1438 3026 semper

299 3044 393 3125 idem,
424 3046 476 3126 qui
506 3063 679 3128 numquam
702 3064 720 3109 a
744 3065 777 3109 se
806 3045 906 3129 possit
928 3063 997 3110 osse
1020 3046 1183 3109 diuersus?
1228 3063 1263 3109 ac
1286 3045 1332 3109 sic
1354 3063 1437 3110 oom-

301 3148 404 3211 munis
436 3149 603 3232 appellatio
634 3151 789 3214 unitatem
814 3149 961 3231 loquitur,
991 3150 1116 3233 propria
1137 3149 1321 3213 trinitatem.
1367 3169 1437 3214 cum

249 3275 274 3312 aa
301 3270 373 3336 ergo
397 3252 508 3316 dixeris
531 3257 630 3336 pater,
654 3253 747 3334 lilius,
771 3253 898 3336 spiritus
919 3257 1056 3334 sanctus
1080 3254 1274 3336 singulorum
1288 3272 1435 3337 personas

300 3357 475 3439 specialiter
507 3358 676 3440 explicasti,
707 3376 778 3421 eum
810 3358 922 3422 dixeris
945 3376 1026 3421 unus
1050 3357 1136 3437 dene,
1162 3375 1360 3422 communem
1382 3358 1436 3422 tri-

299 3460 406 3525 nitatis
426 3461 647 3542 substantiam,
670 3479 868 3526 oommunem
885 3462 1017 3546 gloriam
1034 3462 1262 3526 demonstrasti.
1297 3462 1348 3526 hic
1363 3481 1434 3544 ergo

299 3565 357 3628 sibi
380 3565 536 3648 imperitia
559 3569 683 3629 noctem
706 3567 818 3630 erroris
841 3567 966 3647 obterit,
997 3567 1072 3630 dum
1095 3585 1261 3650 suppresso
1283 3567 1433 3631 uocabulo

298 3669 472 3734 maiestatis
503 3671 645 3753 spiritum
676 3674 821 3736 sanctum
851 3671 884 3735 in
916 3689 952 3735 eo
982 3675 1106 3735 tanturn
1130 3671 1276 3735 aestimat
1299 3673 1431 3750 nomine,

340 3840 498 3910 2apellatio
518 3843 545 3897 P
611 3845 680 3898 3an
698 3842 806 3911 nomen]
827 3840 889 3896 auin
909 3843 936 3897 P
998 3846 1059 3898 bet
1077 3861 1163 3899 omo
1226 3843 1433 3912 dcognosceP

297 3927 422 3984 leiuso
486 3929 718 3984 Sedisctiuumo
782 3929 845 3984 9in
863 3936 926 3984 cate
944 3929 1066 3983 doctrina
1083 3931 1177 3986 addo
1241 3929 1389 3984 doctrinam
1407 3930 1434 3984 P

299 4039 525 4118 ldapcllatiuaP
572 4045 603 4097 12
616 4008 730 4111 speciale
744 4043 772 4095 P
818 4045 850 4096 15
862 4039 1001 4110 legiturP
1047 4045 1079 4098 16
1091 4043 1197 4111 genitus
1209 4059 1285 4098 omo
1334 4045 1365 4099 19
1379 4041 1431 4096 col·

296 4119 361 4206 liius
379 4154 406 4207 P
457 4156 491 4210 20
509 4153 731 4209 incomunicabile
751 4155 778 4207 P
828 4157 859 4210 21
880 4121 1020 4208 indiuisita
1037 4156 1064 4209 P
1119 4157 1152 4211 22
1171 4155 1247 4225 quid]
1266 4159 1307 4210 est
1324 4157 1387 4212 add.
1406 4158 1433 4212 P

296 4239 520 4294 ineomutetebilis
540 4243 573 4307 P,
594 4239 885 4295 incommunicabiliter
954 4241 1099 4310 inaequalis
1118 4244 1145 4296 P
1212 4246 1246 4299 24
1265 4243 1388 4312 apellatio
1406 4245 1433 4299 P

296 4327 415 4394 loquitur
433 4328 538 4396 parrrpria
557 4328 704 4381 trinitatem
723 4346 774 4382 om.
793 4347 809 4380 a
862 4331 894 4382 25
914 4335 941 4381 et
958 4337 1021 4384 autc
1038 4329 1148 4398 spiritus
1165 4331 1228 4384 odd.
1248 4350 1264 4385 a·
1333 4335 1367 4386 26
1385 4347 1429 4400 pa-

296 4414 360 4467 riter
373 4431 427 4483 pro
446 4414 596 4482 specialiter
613 4434 630 4469 c
685 4419 718 4471 28
737 4415 873 4483 impericia
892 4417 919 4469 P
970 4419 1003 4470 29
1022 4417 1129 4470 estimat
1146 4418 1173 4474 R
