3268 5142
267 410 331 476 406
774 408 902 464 Ruricii

268 589 374 650 noster
403 603 458 668 pro
489 603 547 648 sna
575 585 692 668 pietate
722 585 899 668 largissima
928 587 1105 667 peccatores
1135 585 1288 668 castigare
1311 602 1407 665 quam

268 690 407 774 perdere,
431 693 476 768 ut,
500 707 576 770 quos
600 706 753 754 annorum
769 705 897 752 suorum
913 693 1000 752 actes
1016 689 1169 772 longaeua
1185 707 1247 752 non
1263 688 1409 768 conuicit‚

269 793 319 857 nel
343 793 508 858 conuincat
530 791 708 872 infirmitas,
731 795 767 856 nt
782 792 940 876 deponant
956 793 1071 856 saeculi
1085 792 1214 875 byrrum
1235 795 1267 856 et
1282 797 1412 856 sumant

271 897 420 962 ecclesiae
444 897 681 976 uestimentum,
704 896 787 978 quod
806 898 855 960 est
869 895 1017 977 cilicium,
1040 896 1234 960 contritionis
1250 895 1411 975 indicium,

231 1029 243 1066 ,ι
271 1001 357 1082 quia
379 1019 439 1065 cor
462 1000 666 1066 contritum
697 1003 733 1064 et
760 999 1000 1064 humiliatum
1032 1000 1122 1064 deus
1153 1017 1223 1064 non
1254 1001 1411 1080 spernit.

271 1104 322 1168 ille
346 1105 429 1168 enim
453 1104 541 1168 uadit
561 1104 600 1168 ed
616 1104 748 1184 caelum,
772 1103 825 1185 qui
849 1122 882 1167 se
905 1103 1033 1168 conlidit
1053 1103 1092 1166 ad
1107 1104 1219 1184 solnm,
1244 1103 1327 1184 quia,
1351 1103 1413 1185 qni

272 1228 309 1272 ee
326 1209 477 1288 exaltat,
494 1207 757 1272 humiliabitur
773 1211 819 1287 et,
835 1208 897 1288 qui
913 1225 951 1271 ee
970 1207 1155 1287 humiliat,
1172 1206 1411 1271 exaltabitur.

271 1311 354 1376 unde
381 1315 413 1376 et
435 1311 510 1376 dicit
531 1311 693 1394 paenitens
717 1311 769 1376 ille
792 1311 965 1394 periectos:
996 1311 1167 1374 adhaesit
1196 1310 1414 1392 pauimento

273 1416 396 1481 anima
426 1433 519 1494 mea,
554 1415 714 1494 dominc,
749 1415 909 1479 uiuifica
939 1433 994 1479 me
1025 1415 1227 1480 secundnm
1257 1414 1414 1478 uerbum

222 1548 246 1586 ιο
272 1523 386 1584 tuum.
421 1519 494 1600 quid
518 1521 566 1582 est
588 1519 760 1584 secundum
784 1517 916 1582 uerbum
940 1523 1041 1598 tuum,
1065 1519 1126 1582 nisi
1149 1519 1321 1583 secundum
1343 1537 1415 1600 pro-

273 1624 456 1689 missionem
479 1626 587 1688 tuem?
611 1623 702 1706 quod,
726 1623 780 1704 qui
803 1641 908 1688 coram
931 1627 962 1688 te
985 1626 1114 1705 peccata
1134 1641 1191 1687 sna
1206 1621 1326 1687 deflerit
1342 1641 1416 1687 con-

273 1731 409 1811 punctus
431 1728 464 1792 in
488 1727 614 1808 mundo,
638 1731 673 1791 tu
696 1746 769 1791 enm
791 1727 942 1810 perduces
966 1727 997 1792 in
1012 1745 1119 1811 regno,
1143 1727 1196 1791 ubi
1211 1727 1312 1809 possit
1328 1727 1416 1791 dein-

275 1851 348 1915 ceps
380 1835 505 1896 cantare
536 1850 679 1896 securus:
711 1831 859 1896 audiuit
888 1832 1058 1896 dominus
1090 1835 1126 1895 ct
1155 1832 1333 1896 misertus
1360 1835 1417 1896 est

275 1935 376 2000 mihi.
423 1936 594 2000 dominns
625 1935 749 2000 iactus
780 1939 838 1998 cst
860 1935 1009 2000 adiutor
1032 1954 1144 2000 meus,
1190 1935 1416 2000 conuertisti

225 2067 249 2106 ιι
274 2040 467 2122 planctum
490 2058 608 2104 meum
631 2040 668 2103 in
690 2039 868 2124 gaudium
890 2040 995 2120 mihi,
1023 2039 1245 2104 conscidisti
1268 2057 1418 2104 saccum

277 2162 395 2208 meum
427 2147 463 2208 ct
491 2143 742 2226 praecinxisti
771 2163 827 2207 me
856 2144 1014 2208 laetitia.
1059 2144 1142 2208 unde
1170 2144 1285 2208 suadeo
1307 2143 1418 2227 pietati

277 2251 412 2328 nestrae,
428 2253 474 2328 nt,
490 2248 572 2330 qnod
588 2248 759 2333 cogitastis,
783 2249 913 2312 celerius
933 2249 990 2312 deo
1006 2248 1173 2312 adiuuante
1189 2247 1322 2328 iacietis,
1345 2247 1419 2329 quia

280 2371 363 2417 mors
387 2371 449 2417 non
471 2352 575 2416 tardat
596 2353 663 2435 ipso
687 2352 812 2416 domino
835 2353 973 2417 dicente:
997 2372 1041 2416 ne
1064 2352 1227 2416 tarderis
1250 2353 1418 2416 conuerti

280 2457 324 2522 ed
354 2457 459 2520 deum
489 2475 556 2520 nec
586 2456 744 2521 ditiores
775 2457 817 2520 de
848 2456 905 2520 die
936 2457 973 2520 in
1004 2457 1110 2520 diem.
1163 2455 1287 2520 subito
1322 2455 1419 2520 enirn

229 2589 255 2628 ιι
280 2561 409 2626 ueniet
438 2561 494 2625 irc
524 2561 606 2625 eine
638 2563 673 2625 et
696 2561 733 2624 in
756 2563 922 2643 tempore
945 2559 1136 2625 uindictae
1159 2559 1351 2643 disperdet
1373 2563 1417 2623 te.

280 2665 421 2747 ideoque,
448 2665 523 2728 dum
546 2667 670 2748 tempus
693 2663 857 2744 habemus,
881 2669 1101 2729 concertamus
1124 2663 1162 2727 ad
1185 2663 1358 2742 dominnm,
1385 2667 1422 2725 nt

282 2787 344 2833 non
367 2787 440 2832 cum
463 2769 521 2832 hoc
543 2768 661 2834 mundo
684 2767 879 2847 damnemur,
903 2768 977 2850 quia
992 2767 1059 2832 sinc
1075 2767 1169 2831 dnbio
1183 2767 1229 2831 iiii
1244 2767 1420 2830 misericors

282 2873 358 2936 deus
382 2891 475 2936 suum
497 2876 638 2956 praestat
660 2873 819 2952 auxilium,
843 2891 936 2954 quem
959 2873 1042 2936 circe
1064 2875 1230 2955 praecepta
1250 2889 1307 2935 sue
1322 2871 1422 2936 cernit

283 2977 456 3042 adtentum.

231 3125 257 3164 so
800 3097 902 3162 XXII.

504 3258 650 3301 numento
672 3257 840 3300 nrlsoorus
863 3257 1019 3300 ΙΠἘΒᾸΕΙΟ
1041 3255 1198 3300 macero.

328 3393 451 3458 Gratias
485 3411 544 3478 ago
579 3393 806 3458 sincerissimae
839 3393 872 3456 in
906 3391 1030 3458 Christo
1064 3393 1188 3458 dominc
1222 3391 1423 3476 germanitati

285 3501 417 3578 uestrae,
441 3498 523 3580 quod
545 3498 663 3580 perlato
687 3498 789 3562 taedio
812 3497 851 3561 ad
866 3516 922 3562 uos
938 3501 1044 3562 nostro
1060 3497 1223 3562 confestim
1239 3515 1296 3562 nos
1311 3497 1422 3560 litteris

285 3602 398 3666 nestris
428 3601 555 3666 uisitare
585 3602 665 3666 tanti
696 3601 861 3683 habuistis,
892 3603 955 3684 qni,
985 3602 1059 3665 dum
1082 3601 1274 3666 infirmitatis
1298 3605 1424 3665 nostrae

389 3763 644 3834 5]Peeim.50,19.
711 3763 739 3834 c]
756 3763 963 3830 nemean.
1033 3763 1061 3834 e]
1080 3763 1305 3828 rennnacs.
1378 3763 1422 3832 ιι]

284 3850 438 3917 namne,
453 3855 493 3909 11.
548 3852 593 3921 ra]
611 3851 767 3914 accusa

329 4005 345 4056 2
363 4000 477 4070 longana
493 4003 516 4058 S
568 4002 685 4056 condicit
701 4002 809 4071 scripsi,
827 4000 953 4054 conuenit
965 4001 994 4069 S,
1012 4000 1147 4054 conuincit
1158 4001 1233 4068 (Kr.)
1250 4001 1294 4054 uel
1311 4000 1426 4055 correxit

286 4089 350 4144 oia
366 4089 439 4143 cotie
491 4087 608 4157 8byrr1i
628 4089 656 4155 S,
675 4087 819 4157 byssumo
876 4087 1056 4144 summautS
1116 4091 1216 4142 torum
1234 4091 1339 4156 spernat
1356 4089 1424 4142 ecra-

287 4174 422 4230 moa?
475 4175 668 4232 dccnleditS
718 4173 895 4231 andhaita
948 4177 980 4230 12
997 4173 1125 4243 perduces
1143 4175 1249 4244 scripsi,
1267 4173 1430 4243 perducisS

287 4275 398 4329 regnum
410 4261 462 4315 Kr.
517 4264 549 4316 16
567 4261 757 4331 precinxistiS
808 4263 842 4315 20
860 4260 967 4316 uenite
1020 4259 1186 4330 disperditS
1236 4261 1271 4316 23
1288 4263 1429 4328 prosata

287 4349 319 4402 a?
339 4346 514 4401 sincerissime
533 4349 556 4403 S
