3320 5140
337 416 440 471 XXXII
785 415 1027 484 Prolegomena.

381 593 500 672 Restat,
532 595 567 655 ut
597 591 710 655 addam
740 594 943 656 tractatum
974 611 998 656 s.
1021 591 1192 655 Faustini
1220 591 1262 655 de
1294 591 1477 674 symbolo,

337 715 431 778 quem
446 695 542 759 edidit
557 695 686 778 (iaspari
703 715 719 759 e
736 696 839 759 codice
855 695 1019 779 Albigensi
1035 694 1076 758 38
1101 693 1149 757 bis
1173 713 1253 760 saec.
1271 696 1365 760 VIIII
1388 695 1477 779 (Alte

338 800 401 863 und
431 819 511 864 neue
534 799 665 880 Quellen
696 820 749 864 aur
777 799 963 866 Geschichte
994 799 1048 864 des
1079 798 1300 883 Taufsymbols
1331 800 1395 864 und
1422 800 1478 863 der

338 903 595 988 Glaubensrcgcl‚
612 903 820 969 Christianiae
838 901 932 986 1879,
953 923 982 988 p.
999 901 1064 966 250
1079 906 1170 987 sqq.)‚
1186 905 1323 968 maxima
1339 923 1374 968 er
1389 907 1477 986 parte

338 1012 481 1073 constare
509 1029 525 1073 e
552 1009 629 1073 locis
653 1009 762 1073 Fausti
785 1009 922 1074 homiliis
953 1009 1156 1092 depromptis,
1188 1027 1282 1091 quam
1309 1010 1409 1092 ipsam
1437 1008 1476 1072 ob

338 1132 404 1177 rem
429 1113 543 1178 Fausto
567 1117 673 1178 nostro
695 1113 822 1197 Oaspari
845 1115 865 1178 l.
883 1115 902 1178 1.
920 1133 949 1196 p.
967 1112 1031 1177 260
1054 1112 1220 1194 adiudicat,
1245 1113 1299 1178 sed
1321 1113 1478 1177 immerito

339 1217 392 1300 (ci.
411 1217 513 1282 studia
536 1221 643 1282 nostra
665 1218 703 1282 de
719 1217 826 1282 Fausti
842 1219 964 1302 scriptis
988 1239 1018 1301 p.
1035 1215 1101 1302 40).
1142 1221 1190 1282 est
1205 1222 1312 1282 autem
1327 1221 1477 1282 tractatus

339 1323 389 1385 ille
402 1322 531 1386 homilia
543 1323 594 1387 uel
606 1322 753 1386 homiliae
766 1323 990 1406 fragmentum,
1003 1323 1091 1386 uelut
1103 1322 1134 1386 in
1147 1322 1328 1386 collectione
1341 1321 1478 1386 Pseudo·

339 1426 518 1491 Ilusehiana
540 1427 619 1491 duae
643 1426 680 1490 de
704 1425 845 1510 symbolo
870 1427 1018 1491 homiliae
1040 1428 1180 1510 integrae
1204 1424 1247 1510 (n.
1264 1427 1358 1490 Vllll
1382 1429 1413 1490 et
1435 1425 1477 1508 X)

340 1536 371 1596 et
392 1549 490 1595 unum
515 1531 552 1595 de
576 1531 684 1596 eadem
701 1551 734 1595 re
750 1532 964 1616 fragmentum
980 1530 1025 1614 (n.
1041 1531 1174 1612 LXIIH,
1197 1532 1236 1596 of.
1254 1531 1357 1596 studia
1372 1533 1478 1595 nostra

340 1636 377 1698 de
400 1635 508 1700 Fausti
538 1636 661 1720 scriptis
689 1633 954 1720 posternam,
986 1654 1080 1718 quara
1111 1636 1225 1716 nescio,
1257 1653 1297 1700 an
1327 1638 1477 1699 tractatus

339 1740 390 1804 ille
421 1740 586 1805 cohaereat
616 1759 686 1806 cunr
710 1739 894 1806 Eusebianis
917 1740 1063 1805 homiliis.
1110 1759 1209 1822 neque
1238 1739 1342 1804 obstat
1368 1739 1478 1804 titulus

340 1847 502 1926 tractatus,
527 1846 608 1927 quod
631 1865 791 1910 sermones
815 1846 854 1910 ad
877 1847 1026 1929 populum
1050 1845 1174 1910 habitos
1197 1847 1350 1909 t1·actatus
1374 1843 1479 1927 appel-

339 1949 420 2014 latos
451 1969 519 2015 esse
550 1952 641 2015 testis
672 1955 719 2016 est
745 1951 827 2015 inter
851 1951 927 2015 alios
950 1949 1134 2014 Uinoentius
1163 1949 1340 2013 Lerinensis
1370 1948 1478 2012 Fausti

339 2055 404 2118 fere
433 2055 581 2136 aequalis,
609 2055 662 2136 qui
690 2055 721 2119 in
746 2053 989 2119 Commonitorio
1018 2053 1097 2118 128
1125 2053 1257 2137 (Migne,
1280 2053 1365 2117 Patr.
1382 2051 1479 2117 leth

339 2157 417 2242 676)
445 2159 533 2223 diois:
559 2157 675 2243 posuit
706 2158 801 2221 tertio
833 2157 985 2236 doctores,
1016 2179 1093 2242 quos
1122 2157 1173 2220 hie
1200 2155 1286 2219 idem
1313 2153 1478 2242 apostoles

340 2262 437 2325 etiam
462 2263 642 2348 prophetes
673 2261 839 2326 interdum
868 2271 1053 2348 concrepat,
1085 2261 1142 2347 qai
1173 2269 1364 2324 tractatores
1394 2281 1479 2324 nane

340 2365 557 2452 appellantur
579 2388 624 2445 eo,
648 2365 733 2452 quod
753 2388 815 2453 per
837 2389 887 2430 eos
908 2367 1146 2452 prophetarum
1168 2365 1323 2452 clysterio
1341 2362 1478 2450 populis

340 2471 548 2557 aperiantur.

383 2578 471 2641 Haec
494 2577 600 2658 habui,
625 2596 703 2660 quae
727 2579 862 2642 dicerem
878 2577 916 2640 de
932 2577 1040 2641 Fausti
1060 2576 1193 2659 scriptis,
1225 2595 1282 2659 age
1304 2593 1405 2659 pauca
1426 2575 1480 2638 ad-

341 2681 451 2746 damus
468 2683 505 2746 de
521 2701 658 2766 genere
675 2683 831 2746 dicendi.
862 2699 898 2746 ae
912 2682 1048 2765 primum
1065 2681 1191 2763 quidem
1207 2679 1325 2745 Sidonii
1340 2679 1478 2762 aequalis

341 2786 534 2850 afferendum
567 2790 615 2850 est
644 2787 791 2850 iudicium
821 2783 1273 2868 ep.V1sslap.152,.4n.:
1306 2783 1405 2846 tert-ia
1435 2791 1480 2846 est

340 2911 441 2952 causa
471 2889 526 2952 arel
556 2889 709 2966 masinae,
741 2889 857 2953 amirado
887 2887 1027 2952 scrihere
1057 2887 1119 2954 siti
1146 2909 1207 2951 cur
1233 2886 1479 2974 supersederim,

342 2992 428 3079 quod
450 2993 586 3057 immane
608 2994 753 3080 suspicio
777 2993 928 3057 dictandi
958 2991 1050 3055 istud
1072 2992 1108 3055 irs
1130 2990 1223 3055 uobis
1248 2991 1480 3079 tropologiarum

341 3119 440 3184 qenes
470 3120 508 3161 ac
529 3097 716 3184 fiquratura
744 3097 929 3182 limatisque
954 3095 1180 3182 plurifariam
1207 3094 1317 3161 uerbis
1344 3096 1480 3161 eminera-

342 3202 513 3281 tisaiosraru,
536 3202 623 3287 qaod
645 3212 757 3266 uestra
780 3224 876 3287 quarn
897 3201 1093 3287 scrispsiraus
1115 3200 1258 3288 epistula
1279 3200 1426 3278 ostendit,
1450 3207 1481 3266 ct

343 3326 421 3390 quae
444 3309 476 3372 in
491 3309 547 3392 ep.
566 3308 660 3372 VIIII
684 3307 703 3368 9
727 3307 764 3371 de
787 3307 876 3372 libris
900 3307 937 3371 dc
961 3308 1072 3391 gratia,
1097 3325 1288 3390 quamquam
1311 3308 1392 3372 ultra
1415 3325 1480 3372 mo-

343 3412 427 3492 dum,
451 3413 605 3477 dicuntur.
644 3413 820 3477 rectissime
844 3413 920 3476 mihi
944 3412 1051 3477 Fausti
1076 3412 1185 3478 stilum
1210 3413 1411 3496 descripsisse
1434 3411 1480 3475 ui-

343 3517 432 3580 detur
455 3515 567 3581 Cabrol
598 3515 718 3599 (iterus
749 3517 802 3581 des
834 3517 994 3598 questions
1025 3517 1213 3598 historiques
1243 3513 1326 3580 1890
1353 3537 1382 3600 p.
1404 3513 1480 3599 938)

344 3621 463 3685 dicens:
491 3641 549 3683 sors
575 3618 657 3705 style
684 3641 760 3682 scos
786 3617 919 3683 rsatorel
943 3629 1070 3683 etseras
1093 3622 1196 3706 qrdee,
1219 3618 1323 3682 subtil
1345 3629 1374 3683 et
1396 3617 1480 3704 qaed-

343 3723 469 3810 quassis
492 3724 673 3787 encheoitrd
693 3733 722 3787 et
745 3722 857 3810 disses,
881 3723 992 3811 affecte
1015 3723 1049 3787 lo
1068 3723 1213 3810 planari
1237 3724 1283 3787 dos
1306 3734 1481 3810 sampsone

337 3827 448 3913 fornae
471 3827 692 3913 antistesque.
732 3851 772 3892 oa
798 3851 820 3915 y
849 3827 948 3892 reteoe
977 3827 1050 3892 biera
1078 3827 1131 3891 des
1155 3839 1265 3892 termes
1289 3829 1480 3914 impropres,

346 3931 400 3995 des
422 3933 655 3996 constructione
675 3931 832 4018 pdaidles,
861 3933 915 3997 des
939 3943 1031 3996 tours
1055 3931 1199 3997 hisceres
1223 3933 1281 4018 qui
1308 3933 1481 3997 tradisserst

237 4075 242 4088 ·
347 4035 513 4100 i'dcrivaia
545 4036 582 4100 de
614 4036 702 4100 basse
733 4039 866 4124 e'poqsse:
895 4036 923 4100 il
950 4037 1015 4101 vise
1038 4040 1059 4099 d
1083 4033 1177 4123 l’effet
1204 4047 1233 4102 et
1259 4039 1425 4102 recherche
1448 4035 1481 4099 lo

345 4139 489 4219 codeces,
513 4151 542 4205 et
564 4140 657 4205 meme
682 4141 725 4206 les
749 4163 937 4206 assonarsces
961 4151 990 4205 et
1015 4140 1048 4205 la
1071 4141 1162 4220 rime,
1186 4163 1231 4205 ass
1256 4140 1424 4206 detricarent
1444 4140 1481 4204 de

347 4244 439 4308 l'idc‘e
462 4245 520 4331 qui
543 4245 667 4310 desierat
691 4245 835 4310 l'esclace
858 4245 896 4310 de
921 4245 955 4308 la
970 4245 1088 4332 forare.
1134 4246 1218 4310 racis
1240 4269 1311 4333 par·
1338 4245 1481 4310 endroits

346 4371 377 4412 ce
393 4349 474 4435 style
488 4372 527 4413 oe
542 4371 679 4436 morsque
694 4351 732 4414 ai
749 4349 785 4413 de
795 4349 900 4436 force,
923 4350 961 4414 ai
977 4350 1015 4414 de
1029 4360 1223 4415 mouoemeat
1239 4361 1268 4415 et
1285 4349 1322 4414 de
1338 4350 1479 4414 choleris.
