3244 5130
630 505 726 562 Liber
745 509 758 561 1
778 510 887 564 12-13.
1265 509 1325 574 125

229 681 314 746 Nihil
337 681 442 766 itaque
464 683 498 746 in
521 683 633 765 spiritu
656 687 764 748 saneto
788 684 997 766 semiplenum
1012 687 1148 767 putetur,
1172 685 1245 767 quie
1260 685 1325 768 ple·

186 785 321 851 nitudiui
344 789 551 870 eomparatur.
589 788 740 870 namqui
763 788 802 852 ad
824 789 927 852 uicem
949 789 998 853 dei
1020 788 1157 873 pignoris
1180 790 1247 853 loeo
1270 790 1325 854 tri-

185 888 303 972 buitur,
333 891 381 956 fus
405 909 467 956 uon
492 895 548 972 est,
577 895 612 956 ut
634 892 718 956 aliud
741 911 837 974 quam
859 893 937 957 deus
960 911 1028 957 esse
1052 893 1204 958 credetur.
1249 894 1325 958 item

186 995 225 1060 ud
241 995 362 1061 Titum:
386 997 513 1061 saluos
537 1014 602 1061 nos
625 996 717 1061 feeit
736 1017 800 1080 per
816 997 1008 1061 laneorum
1023 997 1324 1080 regenerationis

185 1103 222 1164 et
251 1101 509 1166 renouationis
540 1101 699 1185 spiritus
730 1101 864 1182 saneti,
896 1119 1003 1183 quem
1034 1101 1171 1166 effudit
1199 1102 1236 1167 iu
1259 1120 1364 1168 noso

185 1202 330 1270 abunde
353 1223 417 1289 per
433 1205 557 1270 Iesum
578 1204 778 1270 Christum.
817 1223 887 1270 sese
911 1205 1006 1270 etiam
1029 1205 1080 1269 hio
1103 1205 1160 1270 sub
1184 1205 1325 1270 trinitate

185 1309 352 1374 manifesta
373 1313 463 1394 pater
485 1328 540 1393 per
562 1309 662 1374 filium
682 1309 907 1375 abundantiam
923 1310 1023 1374 saneti
1043 1309 1168 1392 spiritus
1193 1310 1325 1375 effundit

184 1416 225 1494 et,
249 1414 331 1496 qnod
346 1414 397 1478 uel
413 1415 547 1478 maxime
563 1414 789 1479 aduertendum
806 1418 862 1498 est,
879 1414 938 1498 ipsi
954 1416 1061 1478 saneto
1077 1413 1200 1497 spiritui
1215 1417 1324 1496 poten·

185 1517 262 1582 tiam
277 1519 522 1602 regenerationis
538 1520 570 1584 et
585 1519 795 1584 renouationis
819 1517 976 1583 adscribit.
1010 1518 1122 1582 Petrus
1146 1536 1268 1601 quoque
1290 1519 1323 1583 in

185 1622 321 1706 epistula
343 1641 402 1688 sua
422 1623 663 1706 inseparabilem
685 1624 827 1708 personis
851 1624 984 1707 explicat
1006 1623 1178 1688 trinitatem
1201 1623 1321 1688 diaeum
1351 1651 1375 1690 ιο

184 1727 694 1810 seeundumpraesoientiam
708 1728 910 1811 dei'patris‚
926 1727 962 1791 in
975 1727 1323 1793 sanctificationem

183 1831 357 1914 spirituS,
390 1833 427 1897 in
462 1833 739 1898 oboedientiam
771 1837 807 1897 et
836 1832 1092 1916 aspersionem
1127 1833 1323 1916 sanguinis

183 1935 267 2000 Iesu
284 1934 426 2001 Christi
445 1937 569 2021 gratia
590 1937 697 2002 uobis
721 1941 754 2002 et
778 1955 844 2019 par
865 1937 1150 2019 multiplicetur.
1185 1937 1217 2001 in
1232 1955 1323 2020 prae-

183 2041 315 2105 seientie
336 2045 435 2125 pater,
458 2042 490 2106 in
514 2041 760 2107 sanctificatione
783 2041 911 2125 spiritus
935 2045 1072 2122 sanetus,
1096 2041 1127 2105 in
1144 2042 1322 2126 aspersione

183 2145 343 2230 sauguinis
367 2144 511 2212 Christus
535 2147 719 2212 ostenditur.
1350 2173 1374 2212 re

707 2373 795 2438 ΧΠΙ.

414 2533 560 2577 ΙιΟῦΔῙιΕΠ
582 2535 645 2576 NON
667 2533 744 2576 Esau
767 2533 913 2577 SPIRITUM
936 2533 1089 2578 SANCTUM.

226 2667 327 2732 Deum
360 2668 504 2752 spiritum
536 2673 680 2734 sanetum
708 2688 743 2734 er
766 2669 832 2734 suis
856 2669 1024 2734 uirtutibus
1048 2673 1079 2734 et
1101 2669 1246 2753 operibus
1269 2669 1321 2733 de-

183 2775 401 2837 monstremus.
448 2773 549 2838 omnis
577 2776 721 2838 ereatura
747 2775 828 2838 siout
850 2777 1027 2856 tempomm
1051 2773 1146 2838 initiis
1170 2772 1320 2854 subisset,

182 2875 225 2940 ita
246 2880 278 2940 et
299 2876 431 2941 localem
454 2895 487 2942 se
511 2877 603 2942 certis
627 2878 735 2962 spatiis
760 2877 926 2943 affinibus
951 2878 1185 2962 eireumsoripta
1207 2895 1320 2962 eogno-
1347 2905 1373 2945 ro

181 2979 248 3044 soit.
295 2981 422 3064 spiritus
452 2985 579 3046 sanetus
609 2983 704 3046 nullis
734 2983 875 3047 terminis
907 2985 1069 3064 tamquam
1099 2982 1221 3046 factura
1246 3001 1320 3048 oon-

181 3084 325 3166 olnditur,
349 3085 424 3150 deus
447 3105 576 3152 necesse
599 3091 648 3150 ost
669 3105 724 3168 pro
748 3087 816 3170 ipsa
838 3087 982 3152 libertate
1002 3086 1131 3152 diffusae
1147 3087 1319 3152 maiestatis

181 3187 341 3254 habeatur.
409 3191 526 3256 domiui
560 3191 725 3256 saluatoris
760 3191 799 3256 ed
832 3191 988 3274 apostolos
1022 3210 1081 3256 uox
1115 3195 1178 3256 est:
1216 3191 1319 3256 dabit

181 3293 301 3374 uobis,
332 3295 442 3377 inquit,
473 3299 579 3379 pater
610 3295 785 3380 spiritum
813 3297 1006 3376 ueritatiS,
1037 3297 1098 3379 qui
1125 3295 1318 3361 nobiseum

181 3398 289 3462 sitin
314 3403 519 3466 aeteruum.
565 3401 592 3465 si
615 3401 723 3465 localis
748 3405 796 3465 est
819 3405 850 3465 et
869 3405 1018 3485 perpetuo
1035 3402 1067 3464 in
1083 3402 1143 3466 illis
1161 3401 1318 3484 manebat,
1345 3427 1370 3466 a

181 3503 285 3586 utique
316 3503 391 3570 alibi
415 3524 482 3571 esse
506 3523 568 3571 non
591 3509 722 3589 poterat.
768 3507 941 3588 uideamus,
965 3507 990 3571 si
1014 3507 1079 3571 eius
1102 3511 1215 3571 natura
1236 3507 1318 3571 loea-

282 3694 312 3764 4]
331 3693 382 3750 Tit
396 3697 421 3760 3,
434 3699 458 3752 5.
514 3695 558 3766 ll]
579 3699 591 3753 1
606 3696 678 3751 Patr.
693 3699 715 3760 1.
728 3699 752 3752 2.

227 3897 239 3951 1
260 3893 299 3948 nil
312 3895 340 3950 P
389 3861 638 3966 semperimplenum
658 3897 685 3952 P
700 3897 762 3966 (sup
780 3914 851 3952 man.
864 3899 941 3964 tm),
959 3913 1063 3968 semper
1080 3897 1123 3952 uel
1142 3896 1317 3968 semiplenum

182 3997 258 4052 super
276 3981 384 4051 plenum
407 3981 550 4052 plenumv
601 3985 796 4054 uoonparatur
809 3984 836 4038 P
886 3983 1077 4038 flaueehmm
1091 3986 1118 4040 P
1169 3985 1280 4040 5u0bis
1293 3987 1320 4041 P

181 4067 353 4122 dhabundae
370 4070 400 4139 V,
418 4069 583 4126 habundeP
634 4069 835 4126 tmanifesteo
887 4071 1093 4140 spiritussanoti
1107 4074 1135 4127 P
1185 4072 1320 4128 effrrditP

181 4155 256 4210 Suel
274 4173 360 4212 om.v
421 4157 560 4227 spirituV
617 4157 776 4214 9assoribit
794 4158 821 4212 P
873 4161 905 4214 10
924 4159 1163 4228 insuperabilemo
1228 4163 1255 4216 11
1277 4161 1316 4228 in]

181 4247 206 4296 et
223 4244 251 4298 P
302 4243 552 4299 sauodfloetioneV
604 4247 635 4300 14
654 4245 741 4317 petor]
760 4249 787 4298 st
805 4245 904 4300 adde·
956 4251 1064 4300 sauctus
1082 4265 1162 4304 ome·
1217 4251 1248 4302 19
1267 4247 1316 4300 ini·

181 4329 227 4382 eiis
245 4331 272 4385 P
331 4334 366 4386 20
384 4333 411 4386 et
429 4349 515 4411 epae
567 4331 678 4386 localem
697 4333 735 4401 se]
754 4331 845 4386 localis
864 4349 919 4386 esse
938 4334 965 4388 P
1020 4335 1115 4404 spaciis
1134 4336 1162 4390 P
1221 4351 1316 4402 rogno-

182 4461 262 4514 sritur
282 4462 308 4516 P
369 4465 401 4518 21
419 4423 510 4530 ffiquit
529 4462 556 4516 P
571 4463 716 4533 (suprascr.
732 4465 885 4534 memoli),
903 4467 978 4533 putor
995 4465 1116 4534 inquito·
