<?xml version="1.0" encoding="UTF-8"?>
<!DOCTYPE html PUBLIC "-//W3C//DTD XHTML 1.0 Transitional//EN"
    "http://www.w3.org/TR/xhtml1/DTD/xhtml1-transitional.dtd">
<html xmlns="http://www.w3.org/1999/xhtml" xml:lang="en" lang="en">
 <head>
  <title>
</title>
<meta http-equiv="Content-Type" content="text/html;charset=utf-8" />
  <meta name='ocr-system' content='tesseract 3.04.00' />
  <meta name='ocr-capabilities' content='ocr_page ocr_carea ocr_par ocr_line ocrx_word'/>
</head>
<body>
  <div class='ocr_page' id='page_1' title='image "./praetersermones01fausgoog/praetersermones01fausgoog_0059.png"; bbox 0 0 3320 5140; ppageno 0'>
   <div class='ocr_carea' id='block_1_1' title="bbox 320 493 1005 563">
    <p class='ocr_par' dir='ltr' id='par_1_1' title="bbox 320 493 1005 563">
     <span class='ocr_line' id='line_1_1' title="bbox 320 493 1005 563; baseline 0.003 -16"><span class='ocrx_word' id='word_1_1' title='bbox 320 493 371 547; x_wconf 89' lang='lat' dir='ltr'>LII</span> <span class='ocrx_word' id='word_1_2' title='bbox 766 493 1005 563; x_wconf 82' lang='lat' dir='ltr'>Prolegomena.</span> 
     </span>
    </p>
   </div>
   <div class='ocr_carea' id='block_1_2' title="bbox 314 668 1449 3570">
    <p class='ocr_par' dir='ltr' id='par_1_2' title="bbox 320 668 1449 942">
     <span class='ocr_line' id='line_1_2' title="bbox 321 668 1449 754; baseline 0.002 -22"><span class='ocrx_word' id='word_1_3' title='bbox 321 686 407 732; x_wconf 91' lang='lat' dir='ltr'>maro</span> <span class='ocrx_word' id='word_1_4' title='bbox 429 668 561 732; x_wconf 79' lang='lat' dir='ltr'>traditae</span> <span class='ocrx_word' id='word_1_5' title='bbox 584 687 657 732; x_wconf 93' lang='lat' dir='ltr'>cum</span> <span class='ocrx_word' id='word_1_6' title='bbox 678 669 857 735; x_wconf 83' lang='lat' dir='ltr'>recensione</span> <span class='ocrx_word' id='word_1_7' title='bbox 880 670 992 735; x_wconf 83' lang='lat' dir='ltr'>codicis</span> <span class='ocrx_word' id='word_1_8' title='bbox 1015 669 1036 736; x_wconf 85' lang='lat' dir='ltr'>S</span> <span class='ocrx_word' id='word_1_9' title='bbox 1059 673 1165 735; x_wconf 87' lang='lat' dir='ltr'>eontra</span> <span class='ocrx_word' id='word_1_10' title='bbox 1180 669 1238 754; x_wconf 84' lang='lat' dir='ltr'>Q¹)</span> <span class='ocrx_word' id='word_1_11' title='bbox 1261 669 1449 752; x_wconf 88' lang='lat' dir='ltr'>conspirant,</span> 
     </span>
     <span class='ocr_line' id='line_1_3' title="bbox 321 772 1448 857; baseline 0.001 -22"><span class='ocrx_word' id='word_1_12' title='bbox 321 772 358 836; x_wconf 93' lang='lat' dir='ltr'>de</span> <span class='ocrx_word' id='word_1_13' title='bbox 386 772 590 856; x_wconf 81' lang='lat' dir='ltr'>epistularum</span> <span class='ocrx_word' id='word_1_14' title='bbox 617 773 856 840; x_wconf 84' lang='lat' dir='ltr'>Faustianarum</span> <span class='ocrx_word' id='word_1_15' title='bbox 886 777 1037 857; x_wconf 87' lang='lat' dir='ltr'>apparatu</span> <span class='ocrx_word' id='word_1_16' title='bbox 1067 776 1171 839; x_wconf 89' lang='lat' dir='ltr'>critico</span> <span class='ocrx_word' id='word_1_17' title='bbox 1194 777 1346 857; x_wconf 91' lang='lat' dir='ltr'>quantum</span> <span class='ocrx_word' id='word_1_18' title='bbox 1374 775 1448 838; x_wconf 89' lang='lat' dir='ltr'>satis</span> 
     </span>
     <span class='ocr_line' id='line_1_4' title="bbox 320 876 718 942; baseline 0.005 -2"><span class='ocrx_word' id='word_1_19' title='bbox 320 876 432 940; x_wconf 82' lang='lat' dir='ltr'>dixisse</span> <span class='ocrx_word' id='word_1_20' title='bbox 455 876 543 942; x_wconf 91' lang='lat' dir='ltr'>nobis</span> <span class='ocrx_word' id='word_1_21' title='bbox 567 877 718 942; x_wconf 91' lang='lat' dir='ltr'>uidemur.</span> 
     </span>
    </p>

    <p class='ocr_par' dir='ltr' id='par_1_3' title="bbox 319 981 1448 1380">
     <span class='ocr_line' id='line_1_5' title="bbox 361 981 1447 1068; baseline 0.001 -24"><span class='ocrx_word' id='word_1_22' title='bbox 361 981 406 1044; x_wconf 83' lang='grc'>111</span> <span class='ocrx_word' id='word_1_23' title='bbox 429 981 536 1046; x_wconf 80' lang='lat' dir='ltr'>Fausti</span> <span class='ocrx_word' id='word_1_24' title='bbox 559 983 699 1064; x_wconf 89' lang='lat' dir='ltr'>epistulis</span> <span class='ocrx_word' id='word_1_25' title='bbox 715 982 858 1066; x_wconf 89' lang='lat' dir='ltr'>princeps</span> <span class='ocrx_word' id='word_1_26' title='bbox 874 983 1027 1066; x_wconf 89' lang='lat' dir='ltr'>impressa</span> <span class='ocrx_word' id='word_1_27' title='bbox 1041 983 1156 1067; x_wconf 91' lang='lat' dir='ltr'>prodiit</span> <span class='ocrx_word' id='word_1_28' title='bbox 1171 983 1322 1068; x_wconf 89' lang='lat' dir='ltr'>epistulae</span> <span class='ocrx_word' id='word_1_29' title='bbox 1339 983 1447 1046; x_wconf 90' lang='lat' dir='ltr'>tertiae</span> 
     </span>
     <span class='ocr_line' id='line_1_6' title="bbox 319 1086 1448 1170; baseline 0.001 -22"><span class='ocrx_word' id='word_1_30' title='bbox 319 1086 469 1166; x_wconf 86' lang='lat' dir='ltr'>posterior</span> <span class='ocrx_word' id='word_1_31' title='bbox 491 1104 562 1169; x_wconf 88' lang='lat' dir='ltr'>pars</span> <span class='ocrx_word' id='word_1_32' title='bbox 584 1086 617 1150; x_wconf 93' lang='lat' dir='ltr'>in</span> <span class='ocrx_word' id='word_1_33' title='bbox 640 1087 773 1151; x_wconf 87' lang='lat' dir='ltr'>editione</span> <span class='ocrx_word' id='word_1_34' title='bbox 796 1089 932 1170; x_wconf 82' lang='lat' dir='ltr'>principe</span> <span class='ocrx_word' id='word_1_35' title='bbox 955 1087 1102 1152; x_wconf 86' lang='lat' dir='ltr'>Mamerti</span> <span class='ocrx_word' id='word_1_36' title='bbox 1125 1086 1286 1153; x_wconf 84' lang='lat' dir='ltr'>Claudiani</span> <span class='ocrx_word' id='word_1_37' title='bbox 1308 1087 1448 1151; x_wconf 79' lang='lat' dir='ltr'>Basileus</span> 
     </span>
     <span class='ocr_line' id='line_1_7' title="bbox 320 1187 1448 1275; baseline 0 -21"><span class='ocrx_word' id='word_1_38' title='bbox 320 1207 400 1254; x_wconf 87' lang='lat' dir='ltr'>anno</span> <span class='ocrx_word' id='word_1_39' title='bbox 427 1187 510 1252; x_wconf 91' lang='grc'><strong>1520</strong></span> <span class='ocrx_word' id='word_1_40' title='bbox 532 1209 561 1274; x_wconf 92' lang='lat' dir='ltr'>p.</span> <span class='ocrx_word' id='word_1_41' title='bbox 583 1187 709 1253; x_wconf 88' lang='grc'><strong>25-31</strong></span> <span class='ocrx_word' id='word_1_42' title='bbox 737 1193 896 1275; x_wconf 84' lang='lat' dir='ltr'>recognita</span> <span class='ocrx_word' id='word_1_43' title='bbox 923 1196 954 1256; x_wconf 90' lang='lat' dir='ltr'>et</span> <span class='ocrx_word' id='word_1_44' title='bbox 980 1192 1131 1275; x_wconf 87' lang='lat' dir='ltr'>reperitur</span> <span class='ocrx_word' id='word_1_45' title='bbox 1153 1191 1185 1256; x_wconf 93' lang='lat' dir='ltr'>in</span> <span class='ocrx_word' id='word_1_46' title='bbox 1208 1191 1334 1272; x_wconf 89' lang='lat' dir='ltr'>reliquis</span> <span class='ocrx_word' id='word_1_47' title='bbox 1357 1191 1448 1256; x_wconf 83' lang='lat' dir='ltr'>Olau-</span> 
     </span>
     <span class='ocr_line' id='line_1_8' title="bbox 319 1293 1446 1380; baseline 0.001 -23"><span class='ocrx_word' id='word_1_48' title='bbox 319 1295 401 1358; x_wconf 89' lang='lat' dir='ltr'>diani</span> <span class='ocrx_word' id='word_1_49' title='bbox 424 1293 611 1358; x_wconf 85' lang='lat' dir='ltr'>editionibus</span> <span class='ocrx_word' id='word_1_50' title='bbox 633 1295 748 1378; x_wconf 90' lang='lat' dir='ltr'>partim</span> <span class='ocrx_word' id='word_1_51' title='bbox 771 1295 894 1380; x_wconf 85' lang='lat' dir='ltr'>integra</span> <span class='ocrx_word' id='word_1_52' title='bbox 914 1297 1028 1380; x_wconf 86' lang='lat' dir='ltr'>partim</span> <span class='ocrx_word' id='word_1_53' title='bbox 1051 1296 1260 1379; x_wconf 89' lang='lat' dir='ltr'>prioreparte</span> <span class='ocrx_word' id='word_1_54' title='bbox 1287 1295 1446 1359; x_wconf 86' lang='lat' dir='ltr'>destituta.</span> 
     </span>
    </p>

    <p class='ocr_par' dir='ltr' id='par_1_4' title="bbox 317 1397 1449 2004">
     <span class='ocr_line' id='line_1_9' title="bbox 362 1397 1447 1484; baseline 0 -22"><span class='ocrx_word' id='word_1_55' title='bbox 362 1399 480 1464; x_wconf 90' lang='lat' dir='ltr'>Deinde</span> <span class='ocrx_word' id='word_1_56' title='bbox 502 1399 683 1482; x_wconf 89' lang='lat' dir='ltr'>prodierunt</span> <span class='ocrx_word' id='word_1_57' title='bbox 705 1399 856 1482; x_wconf 87' lang='lat' dir='ltr'>epistulae</span> <span class='ocrx_word' id='word_1_58' title='bbox 879 1401 895 1464; x_wconf 94' lang='lat' dir='ltr'>I</span> <span class='ocrx_word' id='word_1_59' title='bbox 919 1405 949 1464; x_wconf 92' lang='lat' dir='ltr'>et</span> <span class='ocrx_word' id='word_1_60' title='bbox 971 1401 1003 1464; x_wconf 92' lang='lat' dir='ltr'>Il</span> <span class='ocrx_word' id='word_1_61' title='bbox 1023 1400 1201 1484; x_wconf 87' lang='lat' dir='ltr'>appendicis</span> <span class='ocrx_word' id='word_1_62' title='bbox 1217 1400 1283 1464; x_wconf 92' lang='lat' dir='ltr'>loeo</span> <span class='ocrx_word' id='word_1_63' title='bbox 1299 1399 1338 1463; x_wconf 93' lang='grc'>51</span> <span class='ocrx_word' id='word_1_64' title='bbox 1353 1397 1447 1462; x_wconf 87' lang='grc'><strong>111155</strong></span> 
     </span>
     <span class='ocr_line' id='line_1_10' title="bbox 319 1501 1449 1588; baseline 0 -22"><span class='ocrx_word' id='word_1_65' title='bbox 319 1503 425 1568; x_wconf 85' lang='lat' dir='ltr'>Fausti</span> <span class='ocrx_word' id='word_1_66' title='bbox 454 1504 491 1568; x_wconf 92' lang='lat' dir='ltr'>de</span> <span class='ocrx_word' id='word_1_67' title='bbox 518 1504 620 1588; x_wconf 83' lang='lat' dir='ltr'>gratia</span> <span class='ocrx_word' id='word_1_68' title='bbox 646 1504 678 1568; x_wconf 90' lang='lat' dir='ltr'>in</span> <span class='ocrx_word' id='word_1_69' title='bbox 701 1504 824 1568; x_wconf 83' lang='grc'><strong>11155511</strong></span> <span class='ocrx_word' id='word_1_70' title='bbox 852 1505 985 1569; x_wconf 88' lang='grc'><strong>51111555</strong></span> <span class='ocrx_word' id='word_1_71' title='bbox 1008 1505 1148 1568; x_wconf 89' lang='lat' dir='ltr'>Basileae</span> <span class='ocrx_word' id='word_1_72' title='bbox 1179 1501 1260 1567; x_wconf 87' lang='grc'><strong>1528</strong></span> <span class='ocrx_word' id='word_1_73' title='bbox 1288 1507 1396 1567; x_wconf 87' lang='grc'><strong>551515</strong></span> <span class='ocrx_word' id='word_1_74' title='bbox 1418 1507 1449 1566; x_wconf 87' lang='grc'>51</span> 
     </span>
     <span class='ocr_line' id='line_1_11' title="bbox 318 1605 1448 1692; baseline 0 -22"><span class='ocrx_word' id='word_1_75' title='bbox 318 1609 349 1671; x_wconf 92' lang='grc'>15</span> <span class='ocrx_word' id='word_1_76' title='bbox 363 1608 674 1692; x_wconf 86' lang='lat' dir='ltr'>·Orthodorographis</span> <span class='ocrx_word' id='word_1_77' title='bbox 702 1609 874 1692; x_wconf 64' lang='lat' dir='ltr'>theoloffi&#39;ae</span> <span class='ocrx_word' id='word_1_78' title='bbox 902 1614 1127 1690; x_wconf 76' lang='lat' dir='ltr'>sacrosanctae,</span> <span class='ocrx_word' id='word_1_79' title='bbox 1154 1605 1403 1672; x_wconf 87' lang='grc' dir='ltr'><strong>Β55115551555</strong></span> <span class='ocrx_word' id='word_1_80' title='bbox 1430 1625 1448 1670; x_wconf 96' lang='grc'>5</span> 
     </span>
     <span class='ocr_line' id='line_1_12' title="bbox 318 1710 1447 1796; baseline -0.001 -21"><span class='ocrx_word' id='word_1_81' title='bbox 318 1713 433 1776; x_wconf 90' lang='lat' dir='ltr'>Ioanne</span> <span class='ocrx_word' id='word_1_82' title='bbox 460 1711 576 1776; x_wconf 91' lang='lat' dir='ltr'>Herold</span> <span class='ocrx_word' id='word_1_83' title='bbox 605 1712 695 1776; x_wconf 91' lang='grc'><strong>511115</strong></span> <span class='ocrx_word' id='word_1_84' title='bbox 722 1732 752 1796; x_wconf 92' lang='lat' dir='ltr'>p.</span> <span class='ocrx_word' id='word_1_85' title='bbox 773 1710 837 1774; x_wconf 86' lang='grc'>844</span> <span class='ocrx_word' id='word_1_86' title='bbox 857 1731 923 1795; x_wconf 89' lang='lat' dir='ltr'>sqq.</span> <span class='ocrx_word' id='word_1_87' title='bbox 951 1732 1049 1795; x_wconf 89' lang='lat' dir='ltr'>aeque</span> <span class='ocrx_word' id='word_1_88' title='bbox 1077 1731 1112 1777; x_wconf 91' lang='lat' dir='ltr'>ac</span> <span class='ocrx_word' id='word_1_89' title='bbox 1134 1711 1205 1776; x_wconf 93' lang='lat' dir='ltr'>libri</span> <span class='ocrx_word' id='word_1_90' title='bbox 1228 1713 1265 1776; x_wconf 92' lang='lat' dir='ltr'>de</span> <span class='ocrx_word' id='word_1_91' title='bbox 1288 1713 1388 1795; x_wconf 86' lang='lat' dir='ltr'>gratia</span> <span class='ocrx_word' id='word_1_92' title='bbox 1412 1731 1447 1774; x_wconf 85' lang='lat' dir='ltr'>ex</span> 
     </span>
     <span class='ocr_line' id='line_1_13' title="bbox 318 1816 1446 1900; baseline 0.001 -22"><span class='ocrx_word' id='word_1_93' title='bbox 318 1816 420 1880; x_wconf 92' lang='lat' dir='ltr'>codice</span> <span class='ocrx_word' id='word_1_94' title='bbox 436 1817 461 1881; x_wconf 92' lang='lat' dir='ltr'>P</span> <span class='ocrx_word' id='word_1_95' title='bbox 478 1816 663 1899; x_wconf 88' lang='lat' dir='ltr'>descriptae,</span> <span class='ocrx_word' id='word_1_96' title='bbox 686 1835 758 1880; x_wconf 91' lang='lat' dir='ltr'>cum</span> <span class='ocrx_word' id='word_1_97' title='bbox 781 1817 812 1881; x_wconf 94' lang='lat' dir='ltr'>in</span> <span class='ocrx_word' id='word_1_98' title='bbox 828 1816 890 1881; x_wconf 88' lang='lat' dir='ltr'>fine</span> <span class='ocrx_word' id='word_1_99' title='bbox 906 1818 1056 1900; x_wconf 89' lang='lat' dir='ltr'>epistulae</span> <span class='ocrx_word' id='word_1_100' title='bbox 1071 1818 1189 1899; x_wconf 89' lang='lat' dir='ltr'>primae</span> <span class='ocrx_word' id='word_1_101' title='bbox 1205 1816 1446 1900; x_wconf 88' lang='lat' dir='ltr'>subscriptiones</span> 
     </span>
     <span class='ocr_line' id='line_1_14' title="bbox 317 1920 1445 2004; baseline 0 -20"><span class='ocrx_word' id='word_1_102' title='bbox 317 1920 389 1984; x_wconf 90' lang='lat' dir='ltr'>illae</span> <span class='ocrx_word' id='word_1_103' title='bbox 402 1921 614 2004; x_wconf 87' lang='lat' dir='ltr'>episcoporum</span> <span class='ocrx_word' id='word_1_104' title='bbox 628 1925 748 1985; x_wconf 82' lang='lat' dir='ltr'>exstent</span> <span class='ocrx_word' id='word_1_105' title='bbox 761 1939 906 1986; x_wconf 89' lang='lat' dir='ltr'>unacum</span> <span class='ocrx_word' id='word_1_106' title='bbox 919 1922 1046 2004; x_wconf 91' lang='lat' dir='ltr'>reliquis</span> <span class='ocrx_word' id='word_1_107' title='bbox 1059 1921 1277 1986; x_wconf 86' lang='lat' dir='ltr'>additamentis</span> <span class='ocrx_word' id='word_1_108' title='bbox 1290 1922 1402 1987; x_wconf 90' lang='lat' dir='ltr'>codicis</span> <span class='ocrx_word' id='word_1_109' title='bbox 1410 1921 1445 1985; x_wconf 88' lang='lat' dir='ltr'>P.</span> 
     </span>
    </p>

    <p class='ocr_par' dir='ltr' id='par_1_5' title="bbox 315 2024 1447 2629">
     <span class='ocr_line' id='line_1_15' title="bbox 359 2024 1447 2108; baseline 0.001 -21"><span class='ocrx_word' id='word_1_110' title='bbox 359 2024 409 2088; x_wconf 86' lang='lat' dir='ltr'>Ad</span> <span class='ocrx_word' id='word_1_111' title='bbox 433 2025 557 2088; x_wconf 88' lang='lat' dir='ltr'>easdem</span> <span class='ocrx_word' id='word_1_112' title='bbox 580 2025 731 2090; x_wconf 90' lang='lat' dir='ltr'>editiones</span> <span class='ocrx_word' id='word_1_113' title='bbox 755 2027 948 2108; x_wconf 88' lang='lat' dir='ltr'>eundemque</span> <span class='ocrx_word' id='word_1_114' title='bbox 971 2025 1108 2090; x_wconf 88' lang='lat' dir='ltr'>codicem</span> <span class='ocrx_word' id='word_1_115' title='bbox 1130 2026 1211 2090; x_wconf 90' lang='lat' dir='ltr'>redit</span> <span class='ocrx_word' id='word_1_116' title='bbox 1230 2027 1368 2091; x_wconf 92' lang='lat' dir='ltr'>recensio</span> <span class='ocrx_word' id='word_1_117' title='bbox 1383 2025 1447 2108; x_wconf 90' lang='lat' dir='ltr'>epi-</span> 
     </span>
     <span class='ocr_line' id='line_1_16' title="bbox 317 2129 1446 2212; baseline 0 -21"><span class='ocrx_word' id='word_1_118' title='bbox 317 2129 470 2193; x_wconf 90' lang='lat' dir='ltr'>stularum</span> <span class='ocrx_word' id='word_1_119' title='bbox 494 2129 510 2192; x_wconf 95' lang='grc' dir='ltr'>Ι</span> <span class='ocrx_word' id='word_1_120' title='bbox 532 2133 563 2193; x_wconf 92' lang='grc'>51</span> <span class='ocrx_word' id='word_1_121' title='bbox 584 2129 626 2210; x_wconf 95' lang='lat' dir='ltr'>II,</span> <span class='ocrx_word' id='word_1_122' title='bbox 654 2147 749 2212; x_wconf 92' lang='lat' dir='ltr'>quam</span> <span class='ocrx_word' id='word_1_123' title='bbox 776 2130 860 2194; x_wconf 87' lang='lat' dir='ltr'>dedit</span> <span class='ocrx_word' id='word_1_124' title='bbox 882 2130 1045 2211; x_wconf 77' lang='lat' dir='ltr'>Batonius,</span> <span class='ocrx_word' id='word_1_125' title='bbox 1074 2129 1212 2196; x_wconf 86' lang='lat' dir='ltr'>Annales</span> <span class='ocrx_word' id='word_1_126' title='bbox 1240 2130 1446 2209; x_wconf 89' lang='lat' dir='ltr'>ecclesiastici,</span> 
     </span>
     <span class='ocr_line' id='line_1_17' title="bbox 316 2231 1445 2315; baseline -0.002 -18"><span class='ocrx_word' id='word_1_127' title='bbox 316 2233 434 2298; x_wconf 86' lang='lat' dir='ltr'>Romae</span> <span class='ocrx_word' id='word_1_128' title='bbox 463 2231 556 2314; x_wconf 86' lang='grc'><strong>1595,</strong></span> <span class='ocrx_word' id='word_1_129' title='bbox 583 2237 659 2298; x_wconf 88' lang='grc'><strong>1551.</strong></span> <span class='ocrx_word' id='word_1_130' title='bbox 681 2235 725 2298; x_wconf 85' lang='lat' dir='ltr'>VI</span> <span class='ocrx_word' id='word_1_131' title='bbox 751 2232 932 2315; x_wconf 71' lang='lat' dir='ltr'>‹lec-447,</span> <span class='ocrx_word' id='word_1_132' title='bbox 960 2234 1043 2298; x_wconf 93' lang='lat' dir='ltr'>unde</span> <span class='ocrx_word' id='word_1_133' title='bbox 1070 2236 1259 2300; x_wconf 91' lang='lat' dir='ltr'>transierunt</span> <span class='ocrx_word' id='word_1_134' title='bbox 1284 2236 1315 2298; x_wconf 94' lang='lat' dir='ltr'>in</span> <span class='ocrx_word' id='word_1_135' title='bbox 1338 2253 1445 2298; x_wconf 87' lang='lat' dir='ltr'>omnes</span> 
     </span>
     <span class='ocr_line' id='line_1_18' title="bbox 316 2337 1445 2422; baseline -0.001 -22"><span class='ocrx_word' id='word_1_136' title='bbox 316 2338 514 2402; x_wconf 88' lang='lat' dir='ltr'>conciliorum</span> <span class='ocrx_word' id='word_1_137' title='bbox 530 2338 737 2419; x_wconf 90' lang='lat' dir='ltr'>collectiones,</span> <span class='ocrx_word' id='word_1_138' title='bbox 759 2342 926 2422; x_wconf 90' lang='lat' dir='ltr'>postquam</span> <span class='ocrx_word' id='word_1_139' title='bbox 942 2337 1124 2403; x_wconf 87' lang='lat' dir='ltr'>Sirmondus</span> <span class='ocrx_word' id='word_1_140' title='bbox 1139 2341 1171 2403; x_wconf 92' lang='lat' dir='ltr'>in</span> <span class='ocrx_word' id='word_1_141' title='bbox 1187 2339 1344 2403; x_wconf 84' lang='lat' dir='ltr'>Historiae</span> <span class='ocrx_word' id='word_1_142' title='bbox 1359 2356 1445 2420; x_wconf 91' lang='lat' dir='ltr'>prae-</span> 
     </span>
     <span class='ocr_line' id='line_1_19' title="bbox 316 2437 1444 2527; baseline -0.001 -22"><span class='ocrx_word' id='word_1_143' title='bbox 316 2443 540 2507; x_wconf 89' lang='lat' dir='ltr'>destinatianae</span> <span class='ocrx_word' id='word_1_144' title='bbox 567 2461 592 2506; x_wconf 93' lang='grc'>5.</span> <span class='ocrx_word' id='word_1_145' title='bbox 615 2440 632 2504; x_wconf 84' lang='grc'>1</span> <span class='ocrx_word' id='word_1_146' title='bbox 662 2442 903 2526; x_wconf 87' lang='lat' dir='ltr'>subscriptiones</span> <span class='ocrx_word' id='word_1_147' title='bbox 926 2443 996 2507; x_wconf 92' lang='lat' dir='ltr'>illas</span> <span class='ocrx_word' id='word_1_148' title='bbox 1019 2443 1232 2527; x_wconf 91' lang='lat' dir='ltr'>episcoporum</span> <span class='ocrx_word' id='word_1_149' title='bbox 1259 2437 1355 2506; x_wconf 84' lang='grc'><strong>151555</strong></span> <span class='ocrx_word' id='word_1_150' title='bbox 1378 2461 1444 2505; x_wconf 90' lang='grc'><strong>5555</strong></span> 
     </span>
     <span class='ocr_line' id='line_1_20' title="bbox 315 2546 655 2629; baseline 0.003 -20"><span class='ocrx_word' id='word_1_151' title='bbox 315 2546 469 2629; x_wconf 90' lang='lat' dir='ltr'>plerisque</span> <span class='ocrx_word' id='word_1_152' title='bbox 491 2547 655 2629; x_wconf 88' lang='lat' dir='ltr'>persuasit.</span> 
     </span>
    </p>

    <p class='ocr_par' dir='ltr' id='par_1_6' title="bbox 315 2650 1445 3048">
     <span class='ocr_line' id='line_1_21' title="bbox 359 2650 1445 2735; baseline 0 -21"><span class='ocrx_word' id='word_1_153' title='bbox 359 2650 479 2715; x_wconf 92' lang='lat' dir='ltr'>Deinde</span> <span class='ocrx_word' id='word_1_154' title='bbox 494 2651 606 2715; x_wconf 86' lang='lat' dir='ltr'>Petrus</span> <span class='ocrx_word' id='word_1_155' title='bbox 622 2651 780 2732; x_wconf 90' lang='lat' dir='ltr'>Pithoeus,</span> <span class='ocrx_word' id='word_1_156' title='bbox 797 2651 948 2716; x_wconf 90' lang='lat' dir='ltr'>Ueterum</span> <span class='ocrx_word' id='word_1_157' title='bbox 964 2651 1082 2734; x_wconf 85' lang='lat' dir='ltr'>aliquot</span> <span class='ocrx_word' id='word_1_158' title='bbox 1096 2650 1215 2716; x_wconf 84' lang='lat' dir='ltr'>Galliae</span> <span class='ocrx_word' id='word_1_159' title='bbox 1231 2651 1445 2735; x_wconf 83' lang='lat' dir='ltr'>theologorum</span> 
     </span>
     <span class='ocr_line' id='line_1_22' title="bbox 316 2753 1445 2839; baseline -0.001 -21"><span class='ocrx_word' id='word_1_160' title='bbox 316 2755 439 2838; x_wconf 85' lang='lat' dir='ltr'>scripta,</span> <span class='ocrx_word' id='word_1_161' title='bbox 467 2755 593 2820; x_wconf 91' lang='lat' dir='ltr'>Parisiis</span> <span class='ocrx_word' id='word_1_162' title='bbox 624 2753 715 2838; x_wconf 89' lang='grc'><strong>1586,</strong></span> <span class='ocrx_word' id='word_1_163' title='bbox 744 2754 986 2820; x_wconf 87' lang='grc'><strong>151128-141</strong></span> <span class='ocrx_word' id='word_1_164' title='bbox 1017 2755 1167 2839; x_wconf 76' lang='grc'><strong>5515111155</strong></span> <span class='ocrx_word' id='word_1_165' title='bbox 1194 2755 1301 2819; x_wconf 83' lang='lat' dir='ltr'>Fausti</span> <span class='ocrx_word' id='word_1_166' title='bbox 1327 2755 1388 2820; x_wconf 89' lang='lat' dir='ltr'>VH</span> <span class='ocrx_word' id='word_1_167' title='bbox 1415 2759 1445 2818; x_wconf 92' lang='lat' dir='ltr'>et</span> 
     </span>
     <span class='ocr_line' id='line_1_23' title="bbox 315 2858 1445 2942; baseline 0 -20"><span class='ocrx_word' id='word_1_168' title='bbox 315 2859 469 2924; x_wconf 87' lang='lat' dir='ltr'>IIII—VI</span> <span class='ocrx_word' id='word_1_169' title='bbox 491 2859 607 2942; x_wconf 87' lang='lat' dir='ltr'>publici</span> <span class='ocrx_word' id='word_1_170' title='bbox 629 2861 704 2925; x_wconf 91' lang='lat' dir='ltr'>iuris</span> <span class='ocrx_word' id='word_1_171' title='bbox 727 2860 919 2925; x_wconf 88' lang='grc'><strong>15511551155</strong></span> <span class='ocrx_word' id='word_1_172' title='bbox 935 2859 1061 2940; x_wconf 90' lang='lat' dir='ltr'>Qusus,</span> <span class='ocrx_word' id='word_1_173' title='bbox 1085 2877 1179 2942; x_wconf 90' lang='lat' dir='ltr'>quam</span> <span class='ocrx_word' id='word_1_174' title='bbox 1202 2858 1241 2924; x_wconf 94' lang='lat' dir='ltr'>ob</span> <span class='ocrx_word' id='word_1_175' title='bbox 1257 2877 1323 2923; x_wconf 91' lang='lat' dir='ltr'>rem</span> <span class='ocrx_word' id='word_1_176' title='bbox 1340 2858 1445 2924; x_wconf 90' lang='lat' dir='ltr'>omisit</span> 
     </span>
     <span class='ocr_line' id='line_1_24' title="bbox 316 2962 1180 3048; baseline 0 -21"><span class='ocrx_word' id='word_1_177' title='bbox 316 2982 386 3027; x_wconf 92' lang='lat' dir='ltr'>oum</span> <span class='ocrx_word' id='word_1_178' title='bbox 410 2962 436 3044; x_wconf 99' lang='lat' dir='ltr'>Q</span> <span class='ocrx_word' id='word_1_179' title='bbox 458 2965 630 3028; x_wconf 88' lang='lat' dir='ltr'>clausulam</span> <span class='ocrx_word' id='word_1_180' title='bbox 654 2965 805 3048; x_wconf 87' lang='lat' dir='ltr'>epistulae</span> <span class='ocrx_word' id='word_1_181' title='bbox 828 2965 855 3028; x_wconf 93' lang='lat' dir='ltr'>V</span> <span class='ocrx_word' id='word_1_182' title='bbox 878 2962 1180 3048; x_wconf 71' lang='grc'><strong>(519511-16).</strong></span> 
     </span>
    </p>

    <p class='ocr_par' dir='ltr' id='par_1_7' title="bbox 314 3067 1444 3465">
     <span class='ocr_line' id='line_1_25' title="bbox 358 3067 1444 3153; baseline -0.002 -21"><span class='ocrx_word' id='word_1_183' title='bbox 358 3067 488 3132; x_wconf 86' lang='lat' dir='ltr'>Accedit</span> <span class='ocrx_word' id='word_1_184' title='bbox 509 3068 678 3152; x_wconf 84' lang='lat' dir='ltr'>Margarini</span> <span class='ocrx_word' id='word_1_185' title='bbox 702 3068 738 3132; x_wconf 89' lang='lat' dir='ltr'>de</span> <span class='ocrx_word' id='word_1_186' title='bbox 761 3069 793 3132; x_wconf 94' lang='grc'>15</span> <span class='ocrx_word' id='word_1_187' title='bbox 815 3069 914 3153; x_wconf 86' lang='lat' dir='ltr'>Bigne</span> <span class='ocrx_word' id='word_1_188' title='bbox 938 3067 1030 3134; x_wconf 89' lang='lat' dir='ltr'>Sacra</span> <span class='ocrx_word' id='word_1_189' title='bbox 1056 3067 1244 3133; x_wconf 89' lang='lat' dir='ltr'>bibliotheca</span> <span class='ocrx_word' id='word_1_190' title='bbox 1267 3072 1444 3133; x_wconf 90' lang='lat' dir='ltr'>sanctorum</span> 
     </span>
     <span class='ocr_line' id='line_1_26' title="bbox 314 3170 1443 3257; baseline -0.003 -21"><span class='ocrx_word' id='word_1_191' title='bbox 314 3175 439 3254; x_wconf 88' lang='lat' dir='ltr'>patrum</span> <span class='ocrx_word' id='word_1_192' title='bbox 456 3171 562 3256; x_wconf 87' lang='lat' dir='ltr'>(editio</span> <span class='ocrx_word' id='word_1_193' title='bbox 579 3173 684 3254; x_wconf 85' lang='lat' dir='ltr'>altera,</span> <span class='ocrx_word' id='word_1_194' title='bbox 700 3173 827 3238; x_wconf 87' lang='lat' dir='ltr'>Parisiis</span> <span class='ocrx_word' id='word_1_195' title='bbox 845 3170 952 3257; x_wconf 86' lang='grc'><strong>1589),</strong></span> <span class='ocrx_word' id='word_1_196' title='bbox 976 3173 1063 3237; x_wconf 88' lang='lat' dir='ltr'>ouius</span> <span class='ocrx_word' id='word_1_197' title='bbox 1080 3173 1112 3236; x_wconf 92' lang='lat' dir='ltr'>in</span> <span class='ocrx_word' id='word_1_198' title='bbox 1128 3178 1212 3237; x_wconf 89' lang='lat' dir='ltr'>tomo</span> <span class='ocrx_word' id='word_1_199' title='bbox 1229 3171 1276 3235; x_wconf 92' lang='lat' dir='ltr'>III</span> <span class='ocrx_word' id='word_1_200' title='bbox 1292 3192 1321 3256; x_wconf 94' lang='lat' dir='ltr'>p.</span> <span class='ocrx_word' id='word_1_201' title='bbox 1338 3171 1443 3234; x_wconf 83' lang='lat'>401-</span> 
     </span>
     <span class='ocr_line' id='line_1_27' title="bbox 314 3274 1444 3361; baseline 0.002 -24"><span class='ocrx_word' id='word_1_202' title='bbox 314 3274 379 3338; x_wconf 86' lang='lat'>410</span> <span class='ocrx_word' id='word_1_203' title='bbox 402 3277 554 3360; x_wconf 88' lang='lat' dir='ltr'>epistulae</span> <span class='ocrx_word' id='word_1_204' title='bbox 575 3276 756 3359; x_wconf 83' lang='lat' dir='ltr'>llll—Vll,</span> <span class='ocrx_word' id='word_1_205' title='bbox 785 3281 869 3342; x_wconf 89' lang='lat' dir='ltr'>tomo</span> <span class='ocrx_word' id='word_1_206' title='bbox 892 3277 957 3341; x_wconf 86' lang='lat' dir='ltr'>IIII</span> <span class='ocrx_word' id='word_1_207' title='bbox 979 3297 1009 3361; x_wconf 92' lang='lat' dir='ltr'>p.</span> <span class='ocrx_word' id='word_1_208' title='bbox 1027 3275 1198 3341; x_wconf 72' lang='lat' dir='ltr'>lae-763</span> <span class='ocrx_word' id='word_1_209' title='bbox 1221 3277 1374 3360; x_wconf 88' lang='lat' dir='ltr'>epistulae</span> <span class='ocrx_word' id='word_1_210' title='bbox 1396 3275 1444 3340; x_wconf 93' lang='grc' dir='ltr'>ΙΠ</span> 
     </span>
     <span class='ocr_line' id='line_1_28' title="bbox 314 3379 1285 3465; baseline 0.001 -21"><span class='ocrx_word' id='word_1_211' title='bbox 314 3381 466 3462; x_wconf 89' lang='lat' dir='ltr'>posterior</span> <span class='ocrx_word' id='word_1_212' title='bbox 487 3399 570 3465; x_wconf 86' lang='lat' dir='ltr'>pars,</span> <span class='ocrx_word' id='word_1_213' title='bbox 592 3402 622 3465; x_wconf 90' lang='lat' dir='ltr'>p.</span> <span class='ocrx_word' id='word_1_214' title='bbox 640 3379 811 3445; x_wconf 84' lang='grc'><strong>815-879</strong></span> <span class='ocrx_word' id='word_1_215' title='bbox 834 3382 983 3465; x_wconf 91' lang='lat' dir='ltr'>epistulae</span> <span class='ocrx_word' id='word_1_216' title='bbox 1006 3381 1023 3445; x_wconf 97' lang='lat' dir='ltr'>I</span> <span class='ocrx_word' id='word_1_217' title='bbox 1045 3385 1076 3446; x_wconf 93' lang='lat' dir='ltr'>et</span> <span class='ocrx_word' id='word_1_218' title='bbox 1097 3381 1130 3446; x_wconf 94' lang='grc' dir='ltr'>Π</span> <span class='ocrx_word' id='word_1_219' title='bbox 1153 3383 1285 3446; x_wconf 88' lang='grc'><strong>5151551.</strong></span> 
     </span>
    </p>

    <p class='ocr_par' dir='ltr' id='par_1_8' title="bbox 358 3483 1445 3570">
     <span class='ocr_line' id='line_1_29' title="bbox 358 3483 1445 3570; baseline 0 -22"><span class='ocrx_word' id='word_1_220' title='bbox 358 3483 497 3549; x_wconf 89' lang='lat' dir='ltr'>Tandem</span> <span class='ocrx_word' id='word_1_221' title='bbox 524 3485 677 3550; x_wconf 90' lang='lat' dir='ltr'>Henricus</span> <span class='ocrx_word' id='word_1_222' title='bbox 705 3485 847 3551; x_wconf 85' lang='lat' dir='ltr'>Oanisius</span> <span class='ocrx_word' id='word_1_223' title='bbox 875 3485 1011 3551; x_wconf 87' lang='lat' dir='ltr'>codicem</span> <span class='ocrx_word' id='word_1_224' title='bbox 1039 3485 1274 3570; x_wconf 85' lang='lat' dir='ltr'>Sangallensem</span> <span class='ocrx_word' id='word_1_225' title='bbox 1305 3484 1445 3549; x_wconf 91' lang='lat' dir='ltr'>adhibuit</span> 
     </span>
    </p>
   </div>
   <div class='ocr_carea' id='block_1_3' title="bbox 209 3589 1443 3674">
    <p class='ocr_par' dir='ltr' id='par_1_9' title="bbox 209 3589 1443 3674">
     <span class='ocr_line' id='line_1_30' title="bbox 209 3589 1443 3674; baseline -0.001 -22"><span class='ocrx_word' id='word_1_226' title='bbox 209 3611 212 3616; x_wconf 91' lang='lat'>·</span> <span class='ocrx_word' id='word_1_227' title='bbox 314 3589 510 3671; x_wconf 88' lang='lat' dir='ltr'>reliquasque</span> <span class='ocrx_word' id='word_1_228' title='bbox 534 3589 641 3654; x_wconf 83' lang='lat' dir='ltr'>Fausti</span> <span class='ocrx_word' id='word_1_229' title='bbox 672 3589 718 3672; x_wconf 83' lang='lat' dir='ltr'>(et</span> <span class='ocrx_word' id='word_1_230' title='bbox 745 3589 874 3674; x_wconf 83' lang='lat' dir='ltr'>Ruricii)</span> <span class='ocrx_word' id='word_1_231' title='bbox 906 3591 1054 3672; x_wconf 88' lang='lat' dir='ltr'>epistulas</span> <span class='ocrx_word' id='word_1_232' title='bbox 1085 3589 1182 3654; x_wconf 90' lang='lat' dir='ltr'>edidit</span> <span class='ocrx_word' id='word_1_233' title='bbox 1211 3589 1321 3654; x_wconf 89' lang='lat' dir='ltr'>additis</span> <span class='ocrx_word' id='word_1_234' title='bbox 1351 3589 1443 3653; x_wconf 89' lang='lat' dir='ltr'>huius</span> 
     </span>
    </p>
   </div>
   <div class='ocr_carea' id='block_1_4' title="bbox 314 3693 1481 3883">
    <p class='ocr_par' dir='ltr' id='par_1_10' title="bbox 314 3693 1481 3883">
     <span class='ocr_line' id='line_1_31' title="bbox 314 3693 1481 3778; baseline -0.001 -23"><span class='ocrx_word' id='word_1_235' title='bbox 314 3693 428 3757; x_wconf 88' lang='lat' dir='ltr'>codicis</span> <span class='ocrx_word' id='word_1_236' title='bbox 451 3694 636 3758; x_wconf 91' lang='lat' dir='ltr'>lectionibus</span> <span class='ocrx_word' id='word_1_237' title='bbox 660 3695 753 3758; x_wconf 89' lang='lat' dir='ltr'>uariis</span> <span class='ocrx_word' id='word_1_238' title='bbox 778 3695 892 3758; x_wconf 91' lang='lat' dir='ltr'>adeas</span> <span class='ocrx_word' id='word_1_239' title='bbox 916 3695 1074 3776; x_wconf 92' lang='lat' dir='ltr'>epistulas,</span> <span class='ocrx_word' id='word_1_240' title='bbox 1102 3711 1179 3777; x_wconf 89' lang='lat' dir='ltr'>quas</span> <span class='ocrx_word' id='word_1_241' title='bbox 1202 3693 1322 3778; x_wconf 91' lang='lat' dir='ltr'>pridem</span> <span class='ocrx_word' id='word_1_242' title='bbox 1345 3694 1443 3758; x_wconf 89' lang='lat' dir='ltr'>editas</span> <span class='ocrx_word' id='word_1_243' title='bbox 1479 3696 1481 3704; x_wconf 90' lang='lat'>&#39;</span> 
     </span>
     <span class='ocr_line' id='line_1_32' title="bbox 314 3797 1443 3883; baseline -0.001 -22"><span class='ocrx_word' id='word_1_244' title='bbox 314 3801 453 3880; x_wconf 90' lang='lat' dir='ltr'>repetere</span> <span class='ocrx_word' id='word_1_245' title='bbox 476 3799 660 3882; x_wconf 90' lang='lat' dir='ltr'>supersedit,</span> <span class='ocrx_word' id='word_1_246' title='bbox 688 3799 719 3863; x_wconf 95' lang='lat' dir='ltr'>in</span> <span class='ocrx_word' id='word_1_247' title='bbox 742 3797 899 3881; x_wconf 88' lang='lat' dir='ltr'>Antiquae</span> <span class='ocrx_word' id='word_1_248' title='bbox 921 3799 1061 3863; x_wconf 91' lang='lat' dir='ltr'>lectionis</span> <span class='ocrx_word' id='word_1_249' title='bbox 1084 3803 1168 3864; x_wconf 89' lang='lat' dir='ltr'>tomo</span> <span class='ocrx_word' id='word_1_250' title='bbox 1192 3799 1219 3862; x_wconf 90' lang='lat' dir='ltr'><strong>V</strong></span> <span class='ocrx_word' id='word_1_251' title='bbox 1247 3798 1443 3883; x_wconf 86' lang='lat' dir='ltr'>(lngolstadii</span> 
     </span>
    </p>
   </div>
   <div class='ocr_carea' id='block_1_5' title="bbox 313 4091 1443 4420">
    <p class='ocr_par' dir='ltr' id='par_1_11' title="bbox 313 4091 1443 4420">
     <span class='ocr_line' id='line_1_33' title="bbox 357 4091 1443 4162; baseline 0 -16"><span class='ocrx_word' id='word_1_252' title='bbox 357 4092 376 4161; x_wconf 87' lang='lat'>¹)</span> <span class='ocrx_word' id='word_1_253' title='bbox 388 4091 563 4146; x_wconf 88' lang='lat' dir='ltr'>Hincmarum</span> <span class='ocrx_word' id='word_1_254' title='bbox 575 4091 663 4148; x_wconf 91' lang='lat' dir='ltr'>locum</span> <span class='ocrx_word' id='word_1_255' title='bbox 676 4093 805 4162; x_wconf 86' lang='lat' dir='ltr'>epistulae</span> <span class='ocrx_word' id='word_1_256' title='bbox 818 4096 926 4162; x_wconf 84' lang='lat' dir='ltr'>quartae</span> <span class='ocrx_word' id='word_1_257' title='bbox 938 4108 952 4146; x_wconf 90' lang='lat' dir='ltr'>e</span> <span class='ocrx_word' id='word_1_258' title='bbox 965 4091 1054 4147; x_wconf 87' lang='lat' dir='ltr'>codice</span> <span class='ocrx_word' id='word_1_259' title='bbox 1067 4092 1090 4160; x_wconf 90' lang='lat' dir='ltr'>Q</span> <span class='ocrx_word' id='word_1_260' title='bbox 1102 4093 1183 4148; x_wconf 88' lang='lat' dir='ltr'>simili</span> <span class='ocrx_word' id='word_1_261' title='bbox 1196 4092 1316 4148; x_wconf 85' lang='lat' dir='ltr'>attulisse</span> <span class='ocrx_word' id='word_1_262' title='bbox 1334 4094 1443 4162; x_wconf 69' lang='lat' dir='ltr'>(hiique,</span> 
     </span>
     <span class='ocr_line' id='line_1_34' title="bbox 313 4179 1443 4249; baseline 0.001 -17"><span class='ocrx_word' id='word_1_263' title='bbox 313 4179 385 4234; x_wconf 88' lang='lat' dir='ltr'>Patr.</span> <span class='ocrx_word' id='word_1_264' title='bbox 397 4179 443 4232; x_wconf 88' lang='lat' dir='ltr'>lat.</span> <span class='ocrx_word' id='word_1_265' title='bbox 457 4179 552 4234; x_wconf 84' lang='lat' dir='ltr'>CXXV</span> <span class='ocrx_word' id='word_1_266' title='bbox 570 4183 631 4248; x_wconf 82' lang='lat'>372)</span> <span class='ocrx_word' id='word_1_267' title='bbox 649 4180 795 4235; x_wconf 87' lang='lat' dir='ltr'>Krusohius</span> <span class='ocrx_word' id='word_1_268' title='bbox 813 4183 911 4248; x_wconf 84' lang='lat' dir='ltr'>monet,</span> <span class='ocrx_word' id='word_1_269' title='bbox 935 4179 979 4234; x_wconf 88' lang='lat' dir='ltr'>sed</span> <span class='ocrx_word' id='word_1_270' title='bbox 1002 4181 1180 4249; x_wconf 86' lang='lat' dir='ltr'>reputandum</span> <span class='ocrx_word' id='word_1_271' title='bbox 1204 4181 1320 4235; x_wconf 88' lang='lat' dir='ltr'>codicem</span> <span class='ocrx_word' id='word_1_272' title='bbox 1339 4181 1357 4234; x_wconf 85' lang='lat' dir='ltr'>S</span> <span class='ocrx_word' id='word_1_273' title='bbox 1374 4181 1443 4235; x_wconf 92' lang='lat' dir='ltr'>hanc</span> 
     </span>
     <span class='ocr_line' id='line_1_35' title="bbox 313 4266 1442 4336; baseline 0.004 -18"><span class='ocrx_word' id='word_1_274' title='bbox 313 4266 454 4334; x_wconf 86' lang='lat' dir='ltr'>epistulam</span> <span class='ocrx_word' id='word_1_275' title='bbox 474 4283 526 4321; x_wconf 91' lang='lat' dir='ltr'>non</span> <span class='ocrx_word' id='word_1_276' title='bbox 539 4267 659 4320; x_wconf 82' lang='lat' dir='ltr'>exhibere</span> <span class='ocrx_word' id='word_1_277' title='bbox 672 4284 756 4336; x_wconf 89' lang='lat' dir='ltr'>neque</span> <span class='ocrx_word' id='word_1_278' title='bbox 769 4285 851 4321; x_wconf 92' lang='lat' dir='ltr'>unum</span> <span class='ocrx_word' id='word_1_279' title='bbox 864 4267 1011 4322; x_wconf 85' lang='lat' dir='ltr'>alterumue</span> <span class='ocrx_word' id='word_1_280' title='bbox 1023 4267 1111 4322; x_wconf 88' lang='lat' dir='ltr'>locum</span> <span class='ocrx_word' id='word_1_281' title='bbox 1124 4268 1244 4322; x_wconf 87' lang='grc'><strong>5111115515</strong></span> <span class='ocrx_word' id='word_1_282' title='bbox 1257 4268 1290 4322; x_wconf 89' lang='grc'>51</span> <span class='ocrx_word' id='word_1_283' title='bbox 1304 4269 1442 4332; x_wconf 87' lang='lat' dir='ltr'>rationem,</span> 
     </span>
     <span class='ocr_line' id='line_1_36' title="bbox 314 4354 1442 4420; baseline 0.002 -14"><span class='ocrx_word' id='word_1_284' title='bbox 314 4369 379 4420; x_wconf 86' lang='lat' dir='ltr'>quae</span> <span class='ocrx_word' id='word_1_285' title='bbox 398 4354 545 4407; x_wconf 88' lang='lat' dir='ltr'>intercedat</span> <span class='ocrx_word' id='word_1_286' title='bbox 563 4354 631 4411; x_wconf 85' lang='lat' dir='ltr'>inter</span> <span class='ocrx_word' id='word_1_287' title='bbox 649 4354 672 4420; x_wconf 92' lang='lat' dir='ltr'>Q</span> <span class='ocrx_word' id='word_1_288' title='bbox 689 4358 716 4408; x_wconf 90' lang='lat' dir='ltr'>et</span> <span class='ocrx_word' id='word_1_289' title='bbox 733 4355 871 4408; x_wconf 90' lang='lat' dir='ltr'>Hincmari</span> <span class='ocrx_word' id='word_1_290' title='bbox 890 4354 1015 4420; x_wconf 88' lang='lat' dir='ltr'>codicem,</span> <span class='ocrx_word' id='word_1_291' title='bbox 1033 4355 1181 4409; x_wconf 86' lang='lat' dir='ltr'>accuratius</span> <span class='ocrx_word' id='word_1_292' title='bbox 1200 4355 1389 4420; x_wconf 66' lang='lat' dir='ltr'>deliniendam</span> <span class='ocrx_word' id='word_1_293' title='bbox 1408 4355 1442 4409; x_wconf 90' lang='grc'>51.</span> 
     </span>
    </p>
   </div>
   <div class='ocr_carea' id='block_1_6' title="bbox 313 4427 1261 4510">
    <p class='ocr_par' dir='ltr' id='par_1_12' title="bbox 313 4427 1261 4510">
     <span class='ocr_line' id='line_1_37' title="bbox 313 4427 1261 4510; baseline 0.004 -17"><span class='ocrx_word' id='word_1_294' title='bbox 313 4439 449 4494; x_wconf 84' lang='lat' dir='ltr'>adnotatio</span> <span class='ocrx_word' id='word_1_295' title='bbox 468 4441 561 4495; x_wconf 83' lang='lat' dir='ltr'>critica</span> <span class='ocrx_word' id='word_1_296' title='bbox 578 4441 611 4494; x_wconf 90' lang='lat' dir='ltr'>ad</span> <span class='ocrx_word' id='word_1_297' title='bbox 630 4457 654 4510; x_wconf 91' lang='lat' dir='ltr'>p.</span> <span class='ocrx_word' id='word_1_298' title='bbox 670 4445 727 4507; x_wconf 89' lang='grc'><strong>182,</strong></span> <span class='ocrx_word' id='word_1_299' title='bbox 739 4445 761 4498; x_wconf 93' lang='lat' dir='ltr'>l.</span> <span class='ocrx_word' id='word_1_300' title='bbox 772 4445 795 4497; x_wconf 87' lang='lat'>2.</span> <span class='ocrx_word' id='word_1_301' title='bbox 808 4445 847 4498; x_wconf 80' lang='lat'>14.</span> <span class='ocrx_word' id='word_1_302' title='bbox 860 4447 898 4498; x_wconf 88' lang='grc'>15.</span> <span class='ocrx_word' id='word_1_303' title='bbox 910 4427 949 4499; x_wconf 87' lang='grc'>18.</span> <span class='ocrx_word' id='word_1_304' title='bbox 961 4447 1000 4498; x_wconf 87' lang='grc'>19.</span> <span class='ocrx_word' id='word_1_305' title='bbox 1010 4445 1051 4498; x_wconf 90' lang='grc'>22.</span> <span class='ocrx_word' id='word_1_306' title='bbox 1067 4445 1124 4507; x_wconf 85' lang='grc'><strong>183,</strong></span> <span class='ocrx_word' id='word_1_307' title='bbox 1134 4445 1158 4498; x_wconf 91' lang='grc'>2.</span> <span class='ocrx_word' id='word_1_308' title='bbox 1168 4445 1191 4498; x_wconf 82' lang='grc'>4.</span> <span class='ocrx_word' id='word_1_309' title='bbox 1202 4447 1226 4499; x_wconf 88' lang='grc'>5.</span> <span class='ocrx_word' id='word_1_310' title='bbox 1237 4447 1261 4499; x_wconf 93' lang='grc'>6.</span> 
     </span>
    </p>
   </div>
   <div class='ocr_carea' id='block_1_7' title="bbox 0 0 1664 5140">
    <p class='ocr_par' dir='ltr' id='par_1_13' title="bbox 0 0 1664 5140">
     <span class='ocr_line' id='line_1_38' title="bbox 0 0 1664 5140; baseline 0 2"><span class='ocrx_word' id='word_1_311' title='bbox 0 0 1664 5140; x_wconf 95' lang='lat' dir='ltr'> </span> 
     </span>
    </p>
   </div>
  </div>
 </body>
</html>
