3222 5144
613 439 676 493 1111.
697 439 805 493 Sermo
825 443 863 496 15.
1242 439 1305 502 283

167 615 327 678 redditura
356 621 412 679 est.
459 616 514 693 ita,
545 616 682 697 inquam,
713 633 841 679 necesse
873 619 921 680 est
951 635 1043 698 super
1072 615 1152 679 hanc
1183 616 1304 678 unicam
1395 608 1399 622 '

168 719 335 783 criminum
356 720 460 803 gladio
483 720 680 784 interfectam
695 737 767 783 oum
782 721 887 804 rugitu
911 725 943 784 et
964 721 1084 804 gemitu
1107 723 1207 784 totum
1230 738 1306 803 pon·

167 824 226 887 dus
251 823 367 888 effundi
391 824 514 905 doloris,
538 824 565 888 si
588 825 667 889 torte
689 825 789 907 possit
810 825 1011 889 lacrimarum
1033 824 1181 889 fomentis
1205 843 1240 888 ao
1255 843 1306 888 ca-

166 929 230 994 lore
254 928 326 993 fidei
349 929 499 993 suscitari.
545 929 742 994 accendenda
764 933 812 993 est
834 929 1029 1012 conpunctio,
1057 927 1306 994 conroborandae

167 1037 243 1098 sunt
268 1052 375 1116 preces
399 1033 496 1097 futuri
517 1033 728 1098 recordatione
750 1033 864 1098 iudicii.
901 1033 1054 1098 audienda
1076 1037 1125 1098 est
1147 1051 1220 1098 uero
1243 1033 1307 1098 Da·
1345 1063 1357 1100 s

167 1138 257 1202 nielis
280 1138 450 1220 prophetae
474 1139 640 1218 sententia,
665 1138 718 1202 sed
738 1139 896 1216 ,audienda
918 1138 1131 1202 oboedientiae
1155 1156 1238 1218 aure,
1263 1139 1307 1202 di·

166 1243 281 1306 centis:
313 1242 455 1324 accipe,
486 1243 598 1324 iuquit,
630 1260 647 1306 o
674 1262 750 1324 rer,
781 1243 980 1306 eonsilium
1012 1261 1129 1306 meum
1162 1247 1197 1306 et
1226 1261 1306 1324 pec-

166 1351 249 1410 cata
273 1351 336 1410 tna
359 1346 578 1430 elimosynis
602 1365 805 1429 pauperum
828 1347 977 1412 redime.
1012 1348 1188 1431 exemplum
1212 1347 1306 1411 etiarn

165 1451 249 1515 illius
273 1451 333 1514 uiri
357 1453 528 1536 euangelici
555 1453 599 1516 ita
627 1457 674 1516 est
700 1452 888 1516 audiendum
912 1453 1000 1534 quasi
1023 1471 1095 1516 uere
1122 1457 1308 1536 prorostra

165 1555 380 1637 redemptione
403 1557 630 1640 conscriptum:
662 1574 745 1620 ecce
775 1556 969 1620 dimidium
1001 1556 1180 1622 bonorum
1212 1575 1306 1622 meo·
1334 1585 1359 1624 ιο

165 1679 259 1739 rum,
288 1661 449 1740 domine,
477 1661 519 1724 do
542 1660 786 1744 pauperiore,
814 1661 852 1724 de
875 1661 988 1743 quibus
1011 1662 1042 1726 in
1066 1662 1226 1745 euangelio
1251 1681 1303 1725 au-

165 1763 302 1828 diuimus
330 1765 491 1830 dominum
522 1765 673 1830 ineffabili
704 1766 883 1849 dignatione
914 1769 945 1829 et
974 1766 1105 1830 caritate
1135 1767 1305 1832 dicentem:

165 1870 228 1952 qui
252 1871 342 1934 fecit
370 1871 432 1933 uni
466 1889 506 1933 91
536 1870 593 1934 his
624 1870 802 1950 minimis,
833 1871 924 1935 lecit
954 1871 1053 1935 mihi.
1099 1889 1178 1952 quae
1210 1871 1306 1936 uerba

166 1974 409 2057 elimosynarum
434 1975 524 2039 nobis
546 1975 665 2038 fructus
689 1976 814 2039 caelesti
836 1975 1020 2039 auctoritate
1043 1976 1273 2040 commendant.

209 2077 268 2142 Sed
292 2079 381 2159 torte,
412 2079 534 2160 quando
562 2079 599 2142 de
631 2080 812 2162 elimosynis
842 2080 1008 2162 loquimur,
1039 2085 1224 2162 expauescat
1251 2099 1306 2144 an·
1334 2106 1358 2146 rs

164 2187 258 2266 gusta
279 2188 446 2267 paupertas
463 2187 495 2248 et
510 2183 592 2248 dicat
607 2204 641 2248 se
658 2203 718 2249 non
742 2184 867 2264 habere,
891 2185 971 2266 quod
995 2185 1095 2268 possit
1116 2185 1305 2268 pauperibus

165 2305 301 2370 erogare.
338 2306 429 2352 nemo
458 2289 541 2352 enirn
570 2309 606 2354 91
636 2289 694 2352 hae
721 2308 754 2352 re
790 2309 822 2352 so
852 2289 966 2372 poterit
993 2307 1152 2368 excusare,
1181 2289 1305 2370 qnando

165 2391 308 2456 dominus
339 2392 532 2456 redditurum
564 2413 596 2458 so
627 2393 800 2456 mercedem
835 2411 890 2476 pro
922 2394 1016 2457 calice
1047 2411 1144 2482 aquae
1175 2393 1304 2476 trigidae

165 2500 288 2560 tantum
309 2499 494 2578 repromisit,
519 2501 550 2562 et
564 2497 701 2578 uiduam,
725 2516 804 2580 quae
827 2499 903 2562 duos
927 2517 1071 2562 nummos
1094 2499 1126 2561 in
1150 2498 1304 2580 gazophy-

164 2601 242 2664 lacio
260 2601 398 2681 miserat,
422 2602 630 2666 conlaudauit.
661 2603 737 2666 deus
758 2605 864 2666 autem
887 2607 992 2666 noster
1015 2620 1076 2666 non
1100 2602 1188 2685 copia
1209 2602 1304 2686 largi-
1330 2627 1355 2666 9ο

166 2705 250 2784 latis,
275 2705 329 2770 sed
352 2705 571 2770 beneuolentia
593 2707 732 2790 pascitur
754 2707 924 2791 largientis

207 2809 272 2893 Ego
297 2813 402 2874 autem
429 2816 514 2894 puto,
542 2813 703 2892 carissimi,
731 2812 812 2893 quod
841 2811 908 2876 ideo
932 2812 1075 2875 dominus
1100 2817 1204 2876 noster
1226 2830 1304 2894 pau-

165 2933 254 2994 peres
278 2914 310 2978 in
334 2915 392 2978 hoo
415 2916 531 2980 mundo
548 2935 616 2980 csse
639 2916 826 3000 permiserit,
850 2921 886 2980 nt
907 2917 938 2980 in
961 2915 1150 3000 pauperibus
1170 2917 1303 2980 diuitum

164 3017 257 3082 fidem
281 3019 427 3102 probaret
450 3021 500 3084 uel
517 3021 547 3083 in
572 3039 745 3104 pauperum
769 3020 979 3084 misericordia
1001 3020 1152 3084 diuitibus
1175 3021 1304 3084 misera-

165 3127 258 3202 retur,
283 3127 319 3187 ut
334 3124 565 3216 abundantibus
581 3124 654 3190 boni
671 3125 772 3208 operis
796 3143 832 3188 ac
847 3125 1068 3208 redemptionis
1085 3144 1159 3190 suae
1183 3125 1303 3190 occasio
1329 3151 1355 3188 a

269 3313 296 3382 7]
316 3313 384 3366 Dan.
397 3317 422 3378 4,
435 3317 475 3368 al.
533 3315 575 3384 lo]
595 3315 657 3368 Luc.
675 3318 713 3378 19,
727 3319 751 3371 8.
812 3316 854 3384 13]
874 3315 969 3369 Matth.
984 3319 1025 3380 25,
1038 3319 1079 3370 to.
1145 3315 1302 3385 talitano.

166 3402 205 3464 ro,
218 3403 259 3456 la.
317 3401 359 3469 19]
379 3401 460 3454 Maro.
477 3405 516 3468 12,
529 3405 571 3456 42.

207 3583 375 3637 acronium
398 3585 427 3638 D
497 3583 653 3654 3dolorislll
676 3587 705 3640 D
774 3585 941 3640 lauscitare
959 3587 989 3641 D
1059 3587 1256 3640 corroborando
1274 3588 1303 3641 D

164 3669 280 3724 diudiei
299 3671 335 3738 D,
354 3677 433 3738 atque
452 3670 694 3725 misericordiarum
713 3671 836 3741 operibus
855 3673 1022 3727 adiuuandae
1040 3673 1103 3729 redd.
1122 3677 1193 3744 day.
1257 3675 1303 3727 da·

164 3755 241 3826 nielis
260 3757 290 3811 D
352 3756 568 3812 eoboeoienriae
587 3760 667 3829 Aop,
687 3757 837 3813 obedientia
856 3761 885 3814 D
941 3761 1069 3828 ‘linquid
1088 3761 1117 3815 D
1169 3760 1303 3829 Solymo·

164 3843 228 3896 sinis
248 3845 277 3898 1)
330 3843 434 3898 rederne
453 3846 482 3899 D
543 3845 742 3914 denuaugelici
762 3847 790 3900 D
845 3850 877 3902 10
896 3847 927 3900 de
947 3847 1034 3900 medio
1052 3849 1082 3902 D
1145 3851 1172 3902 ll
1195 3849 1227 3901 do
1246 3849 1302 3917 qui·

163 3927 211 3983 bns
231 3931 260 3984 D
278 3933 319 3985 bis
386 3933 418 3986 14
437 3931 608 3986 elimosinarri
626 3935 655 3987 1)
722 3937 752 3988 15
771 3933 923 4002 elymosinis
942 3936 971 3989 D
1030 3937 1061 3990 16
1080 3939 1106 3988 et
1124 3934 1302 3990 dicat—con-

164 4014 295 4086 laudauit]
318 4034 371 4072 non
395 4019 433 4070 ita
455 4023 502 4082 est,
525 4019 663 4074 carissimi.
694 4020 847 4074 meminerit
868 4021 956 4090 potius
976 4038 1036 4074 aera
1059 4021 1164 4076 minuta
1187 4022 1302 4076 diuitum

164 4129 293 4182 thesauris
307 4129 387 4182 tuisse
400 4131 526 4200 praelata,
540 4133 602 4202 quia
614 4135 685 4204 Auy.
732 4137 764 4189 11
778 4100 868 4202 edgaro
882 4135 911 4188 D
963 4150 1098 4188 excussare
1111 4137 1140 4190 D
1194 4138 1226 4192 18
1244 4136 1302 4190 red-

165 4215 280 4270 dit-urum
308 4220 415 4287 sampsi,
443 4219 581 4274 redidurus
608 4221 638 4275 1)
709 4221 851 4276 mercidem
874 4222 904 4277 D
975 4222 1071 4291 frigide
1094 4241 1126 4278 ex
1149 4223 1246 4278 t'ridide
1273 4225 1303 4279 D

165 4305 196 4358 19
214 4303 365 4372 ganalilaeio
378 4307 407 4360 D
459 4309 490 4361 21
511 4306 694 4362 beneuolentie
708 4309 736 4364 1)
788 4311 822 4367 24
840 4309 1009 4364 misereretur
1021 4313 1092 4380 Aoy.
1146 4315 1179 4368 at
1199 4311 1301 4368 habun-

166 4387 289 4446 dantibus
308 4393 336 4448 D
388 4393 503 4450 occassio
523 4395 551 4452 I)
