3268 5142
287 441 350 505 344
688 439 753 494 1111.
773 439 882 494 Sermo
901 442 1009 496 30-31.

331 616 482 697 Quamuis
516 635 567 680 cor
597 620 738 680 uestrum
769 616 807 680 ad
837 617 1025 681 audiendum
1055 615 1186 681 uerbum
1217 615 1266 680 dei
1295 615 1425 698 spiritus

289 725 416 786 sanctus
440 739 564 806 semper
588 720 747 802 accendat,
769 723 812 786 ita
834 725 870 786 ut
892 721 942 786 11111
965 721 1087 804 possint
1101 723 1206 785 uestra
1221 723 1329 785 sancta
1345 719 1427 784 desi-

289 825 373 889 deria
402 823 518 906 satiari,
549 829 655 890 tamen
684 825 911 909 prouidendum
941 829 999 906 est,
1028 829 1065 890 ut
1086 825 1132 890 ita
1153 824 1240 889 uerbi
1263 825 1313 888 dei
1334 842 1426 908 prae·

290 929 400 993 dicatio
424 933 625 1012 temperetur,
648 933 684 994 ut
705 927 794 994 nobis
816 930 929 1013 ingiter
951 929 1118 994 desiderari
1141 933 1173 994 et
1188 947 1311 1012 semper
1324 928 1427 1012 possit

253 1063 266 1101 1
290 1033 406 1117 augeri.
452 1033 519 1097 ideo
543 1034 606 1098 iam
629 1035 700 1116 ista,
730 1052 810 1117 qnae
833 1034 1021 1114 dictasunt,
1048 1034 1170 1098 caritati
1192 1037 1314 1097 nestrae
1337 1031 1426 1097 suffi-

289 1139 382 1202 ciant.
429 1141 461 1202 et
490 1139 563 1220 quia
593 1138 707 1221 aliquid
738 1138 775 1202 de
806 1157 949 1204 sermone
971 1139 1032 1203 isto
1055 1136 1143 1202 uobis
1167 1138 1353 1202 credidimus
1375 1157 1427 1202 re-

290 1242 489 1323 cordandum,
520 1243 547 1305 si
578 1242 749 1308 secundum
776 1246 916 1308 nestram
939 1243 1196 1308 consuetudinem
1219 1241 1268 1306 die
1290 1241 1427 1306 crastina

290 1347 442 1411 maturius
470 1348 687 1428 conueneritis,
716 1345 834 1429 absque
857 1348 961 1430 aliqua
983 1347 1166 1412 lassitudine
1190 1347 1350 1410 matutinis
1374 1365 1428 1410 er·

290 1451 413 1534 11111111,
445 1451 527 1533 quod
554 1469 589 1514 111
613 1451 766 1516 industria
787 1456 983 1516 reseruatum
1006 1455 1063 1532 est,
1093 1451 1224 1516 audietis
1246 1452 1427 1534 praestante

240 1585 264 1623 ιο
292 1556 415 1620 domino
445 1558 550 1620 nostro
581 1555 652 1620 Iesu
676 1554 811 1637 Christo,
841 1556 890 1619 cni
920 1559 967 1620 est
995 1557 1093 1621 honor
1119 1557 1150 1620 111
1174 1555 1296 1620 saecrda
1319 1572 1429 1619 saecu-

290 1661 401 1726 lorum.
439 1659 551 1726 Arnen.

803 1817 918 1882 XXXI.

631 1961 732 2004 SERMO
755 1963 797 2004 DE
819 1962 941 2006 SPIRITU
965 1961 1092 2005 ΒΔΝΟΤΟ.

337 2077 424 2158 Quod
447 2079 484 2144 de
504 2079 667 2144 diuinitate
683 2081 783 2144 sancti
798 2080 927 2162 spiritns
942 2080 1089 2145 hesterna
1104 2080 1152 2146 die
1168 2080 1289 2144 caritati
1304 2083 1431 2144 uestrae

242 2212 267 2252 rs
294 2183 501 2264 serneuimus,
532 2202 626 2264 nnnc,
657 2185 684 2248 si
706 2183 829 2266 iubetis,
853 2203 925 2248 enm
948 2185 1070 2250 silentio
1093 2188 1126 2249 et
1147 2185 1250 2267 quiete
1277 2187 1432 2267 oportune

293 2288 344 2351 uel
367 2305 502 2371 congrue
526 2288 631 2352 audire
653 2289 794 2370 potestis.

337 2391 417 2457 Cum
447 2393 573 2475 spiritns
605 2393 705 2457 sancti
734 2411 899 2476 personam
930 2393 1087 2477 propriam
1117 2393 1366 2458 demonstremus
1397 2397 1432 2456 et

293 2499 413 2580 patrem
445 2495 649 2562 confiteamur
678 2498 863 2581 ingenitum,
894 2497 994 2563 filium
1017 2515 1090 2562 uero
1113 2515 1336 2582 cognoscamus
1359 2497 1432 2560 nni-

294 2601 444 2685 genitnm,
474 2601 597 2683 quaeris
629 2619 647 2666 a
671 2620 730 2682 me,
762 2605 867 2666 utrum
898 2602 1024 2686 spiritns
1054 2605 1181 2666 sanctus
1208 2601 1365 2686 ingenitus
1388 2618 1431 2666 an

243 2737 269 2775 20
295 2706 420 2789 genitus
452 2723 490 2770 an
521 2706 595 2788 quid
623 2705 707 2770 aliud
734 2705 928 2771 confitendus
952 2707 1002 2771 sit.
1048 2707 1219 2789 scripturae
1242 2709 1368 2770 sanotae
1390 2705 1431 2768 de

294 2811 435 2893 potentia
465 2815 496 2874 et
526 2811 641 2875 deitate
672 2812 798 2894 spiritus
822 2811 920 2876 sancti
943 2812 1121 2894 loquuntur,
1150 2815 1257 2875 utrum
1280 2828 1353 2874 uero
1376 2829 1433 2893 ge·

295 2916 379 2979 nitus
410 2915 470 2978 dici
500 2914 612 2979 debeat
642 2933 681 2979 an
711 2915 882 2999 ingenitae,
917 2934 978 2981 non
1008 2917 1187 2998 loquuntur.
1232 2914 1318 2995 uide,
1351 2931 1432 2996 quas

296 3018 355 3082 sibi
378 3018 524 3082 tenebras
548 3019 715 3083 infidelitas
738 3019 820 3084 iacit.
860 3020 992 3084 nonnis
1016 3021 1104 3100 scire,
1128 3019 1208 3102 quod
1232 3019 1308 3084 dens
1331 3018 1433 3084 noluit

296 3123 441 3206 ignorari,
474 3127 504 3187 et
531 3124 579 3187 uis
603 3123 690 3204 scire,
722 3123 804 3206 quod
827 3142 888 3188 non
911 3124 1002 3188 iussit
1024 3123 1148 3206 inquiri.
1194 3141 1257 3188 non
1279 3123 1355 3188 dixit
1376 3141 1433 3206 ge-

244 3255 270 3294 as
297 3227 408 3307 nitum,
443 3245 482 3290 ne
512 3225 612 3290 filium
642 3227 793 3308 crederes,
824 3246 886 3292 non
917 3228 994 3292 dixit
1022 3228 1208 3311 ingenitum,
1239 3246 1278 3292 ne
1308 3229 1432 3310 patrem

296 3335 432 3414 paterae,
457 3331 511 3394 sed
534 3331 572 3394 ad
596 3332 748 3396 essentiae
772 3332 1003 3397 distinctionem
1019 3332 1184 3415 procedere
1204 3349 1276 3396 enm
1292 3349 1327 3395 er
1342 3335 1433 3413 patre

297 3439 430 3500 testatus
454 3439 511 3515 est,
536 3436 616 3499 sicut
638 3436 785 3518 legimus:
817 3437 1045 3520 paracletnS,
1076 3437 1136 3519 qni
1163 3455 1203 3500 er
1225 3439 1330 3518 patre
1352 3453 1434 3518 pro-

298 3540 406 3604 cedit.
442 3557 519 3622 quae
543 3557 614 3604 cunr
638 3541 710 3620 sint,
733 3541 784 3604 nel
807 3543 851 3605 sic
874 3559 1006 3625 agnosce
1030 3541 1173 3624 spiritum
1196 3543 1338 3604 sanctum
1361 3557 1434 3622 pro-

297 3644 398 3726 priam
428 3643 544 3708 babere
574 3661 750 3726 personam.
802 3649 925 3729 praeter
956 3645 1033 3709 duos
1065 3663 1133 3709 esse
1163 3644 1292 3709 tertium
1321 3643 1435 3726 probat

246 3775 271 3815 so
298 3749 463 3814 diuersitas
493 3748 640 3831 nominis,
670 3749 890 3832 procedentem
920 3769 956 3814 111
986 3749 1042 3814 deo
1072 3767 1134 3814 non
1162 3767 1230 3814 esse
1253 3748 1358 3812 ordine
1380 3747 1435 3812 uel

401 3939 447 4009 aa]
466 3938 558 3994 roam.
573 3941 667 4004 1121.

344 4133 376 4186 13
394 4129 490 4184 omelia
509 4131 540 4185 de
559 4132 654 4202 spiritu
673 4135 763 4186 sancto
782 4133 809 4188 R
864 4135 895 4187 17
914 4147 1045 4203 cnm-p.
1058 4135 1164 4200 14115
1177 4129 1274 4200 noluit]
1287 4133 1321 4199 cs.
1335 4129 1435 4186 Foust.

300 4220 331 4274 dc
348 4219 414 4288 spir.
427 4236 448 4272 s.
458 4237 487 4287 p.
501 4223 560 4287 115,
572 4224 714 4286 8-116,8
785 4221 817 4274 19
835 4219 951 4288 quoeris]
971 4219 1066 4287 aliquis
1084 4219 1148 4274 cdd.
1162 4219 1189 4275 R
1258 4220 1289 4274 21
1309 4215 1438 4270 locuntur

299 4307 327 4362 R
343 4312 455 4374 atroque
473 4307 530 4362 loeo
599 4309 633 4361 24
652 4305 734 4374 qnod]
754 4304 818 4358 deus
837 4306 899 4360 cdd.
912 4306 940 4361 R
1007 4309 1040 4361 27
1058 4304 1210 4375 paraclytus
1228 4306 1326 4362 omisso
1344 4303 1388 4372 qui
1408 4305 1438 4360 R

299 4395 332 4453 28
350 4391 422 4464 curn]
442 4391 480 4444 ita
498 4393 560 4448 odd.
575 4393 602 4452 R
653 4395 687 4450 29
705 4395 793 4464 preter
811 4393 838 4450 R
