3264 5134
645 499 742 553 Liber
760 499 788 553 11
808 504 847 555 10.
1271 501 1312 564 85

171 695 230 740 sua
259 676 319 740 fide
342 677 524 759 inoperante
547 677 722 760 suscipitur,
754 678 791 741 de
814 695 876 760 qua
897 678 1047 760 legimus:
1079 679 1155 741 lide
1184 678 1311 742 Bahali

171 781 348 846 meretrix
387 800 457 847 non
494 782 609 864 periit
647 799 727 844 cum
760 782 974 846 incredulis.
1025 781 1107 845 unde
1142 783 1191 846 hic
1226 785 1312 846 extra

170 885 276 970 legem
304 886 398 969 positi
427 890 613 950 accusantur
642 885 802 967 increduli,
836 887 897 950 nisi
930 887 1002 968 quia
1034 887 1137 970 legem
1172 890 1311 968 naturae,

170 990 223 1054 cui
250 988 327 1054 fides
350 991 457 1054 iuncta
488 994 544 1070 est,
576 1008 700 1054 seruare
723 991 909 1055 noluerunt?
954 991 1036 1055 unde
1059 990 1190 1054 obicitur
1213 991 1312 1054 incre-

170 1095 297 1176 dulitas,
330 1095 390 1159 nisi
420 1095 492 1177 quia
522 1095 726 1178 inpromptu
757 1095 817 1159 luit
847 1096 991 1160 credendi
1021 1095 1176 1159 facultas?
1220 1095 1311 1160 liberi
1352 1125 1364 1164 ⁵

120 1219 123 1224 ·
168 1200 276 1281 itaque
299 1199 418 1264 arbitrii
440 1199 519 1264 ratio
542 1199 627 1280 facit,
651 1203 685 1264 ut
706 1205 921 1264 remuneretur
944 1200 1072 1264 credens
1096 1205 1127 1264 et
1147 1201 1312 1264 damnetur

170 1303 361 1368 incredulus.

216 1408 364 1493 Legimus
381 1409 413 1472 in
433 1409 511 1473 libro
523 1408 699 1474 adcrescas:
724 1410 883 1473 nondum
908 1410 1004 1473 enim
1027 1411 1201 1492 conpleta
1224 1415 1312 1474 sunt

168 1519 328 1598 peccata
349 1512 672 1578 Amorrhaeorum.
707 1514 858 1596 praedicit
881 1515 1024 1578 dominus
1053 1513 1133 1578 filios
1157 1514 1256 1578 Israel
1278 1515 1311 1578 in

167 1625 255 1684 terra
284 1618 420 1702 Aegypti
449 1619 658 1683 humiliandos
694 1623 786 1701 atque
818 1620 889 1682 inde
919 1619 958 1682 ad
991 1619 1164 1702 perdendas
1198 1619 1309 1702 impias
1338 1646 1363 1684 ιο

168 1725 313 1788 nationes
338 1727 369 1788 et
391 1724 605 1807 percipiendas
628 1725 796 1806 promissas
820 1724 909 1788 sedes
932 1725 963 1788 in
988 1725 1084 1808 signis
1105 1729 1136 1788 et
1152 1725 1310 1788 miraculis

169 1827 359 1909 educendos,
382 1827 436 1892 sed
458 1828 517 1892 hoc
538 1829 624 1910 prius
644 1827 710 1892 fieri
727 1846 788 1892 non
803 1846 895 1910 posse
912 1831 1055 1908 testatur,
1080 1847 1174 1910 quam
1189 1831 1310 1912 gentes,

168 1950 249 2014 quas
273 1933 317 1996 eis
334 1933 503 1996 traditums
521 1935 598 2013 erat,
621 1937 819 2015 peccatorum
835 1933 1078 1997 excrescentium
1094 1932 1310 2016 magnitudine

168 2035 304 2120 flagellis
335 2036 447 2101 debitis
478 2038 581 2101 locum
612 2037 730 2101 faciant
753 2041 783 2101 et
806 2038 926 2100 extendi
950 2038 981 2101 in
1005 2057 1038 2100 sa
1062 2055 1190 2100 manum
1214 2036 1311 2100 afflic-

167 2141 266 2206 tionis
290 2143 446 2205 extremae
469 2145 705 2208 consummatae
729 2141 902 2224 iniquitatis
926 2142 1008 2206 mole
1032 2141 1218 2222 conpellant.
1257 2141 1311 2206 ubi
1338 2169 1364 2208 rc

168 2249 351 2330 expectatur
382 2245 599 2329 multiplicatio
629 2251 839 2328 peccatorum,
868 2247 1009 2328 prauitas
1037 2247 1177 2330 arguitur
1200 2246 1311 2310 uolun-

168 2355 282 2416 tatnm.
321 2351 375 2432 qui
397 2351 506 2433 gentili
530 2349 672 2416 absoluto
696 2369 714 2414 a
736 2351 805 2434 lege
825 2351 982 2433 praecepti
998 2351 1119 2432 inponit
1133 2368 1189 2434 pro
1206 2352 1311 2432 aequi-

167 2459 234 2520 tate
258 2455 460 2534 sententiam,
483 2455 586 2538 legem
609 2459 739 2520 naturae
763 2457 865 2539 arguit
887 2455 984 2519 fuisse
1008 2456 1170 2534 calcatam,
1201 2456 1310 2519 simul-

167 2579 230 2642 que
260 2559 484 2642 longanimitas
519 2559 704 2624 snstinentis
738 2559 890 2624 iustitiam
925 2560 1074 2642 probatur
1108 2560 1309 2623 manifestare

168 2663 360 2729 damnantis.
399 2681 491 2728 nemo
515 2664 598 2728 enim
622 2682 742 2728 moram
766 2683 802 2728 er
825 2665 1034 2729 moderatione
1062 2664 1228 2747 permittit,
1260 2665 1311 2745 qui
1339 2690 1364 2728 ro

168 2787 206 2832 ex
222 2767 506 2852 praedestinatione
522 2769 632 2851 punire
648 2769 794 2852 disponit.
834 2769 1008 2848 nondum,
1032 2769 1142 2850 inquit,
1166 2768 1312 2850 inpleta

168 2877 260 2938 sunt
291 2875 445 2956 peccata
466 2871 790 2937 Amorrhaeorum.
829 2874 903 2938 dum
933 2875 965 2937 in
988 2873 1180 2955 plenitudine
1202 2890 1311 2954 pecca-

167 2981 274 3042 tomm
297 2981 559 3041 commemoratur
581 2977 764 3059 perditionis
788 2995 893 3058 cansa,
917 2978 1057 3041 aufertur
1079 2977 1233 3058 praefixae
1257 2996 1311 3041 ue-

166 3082 325 3146 cessitatis
348 3081 473 3145 inuidia.
513 3081 636 3145 diuinae
659 3081 800 3147 hocloco
816 3082 985 3166 patientiae
1002 3100 1134 3165 agnosce
1150 3082 1309 3145 uirtutem.

166 3187 348 3250 liberandus
372 3189 402 3250 et
426 3185 633 3249 subuersurus
656 3187 767 3268 impias
791 3190 900 3269 gentes
923 3185 1056 3269 populus
1072 3187 1169 3250 Israel
1185 3187 1310 3250 interim
1337 3211 1363 3252 re

167 3291 201 3354 in
222 3291 375 3354 seruitute
395 3289 556 3370 retinetur,
580 3289 677 3354 donec
697 3291 845 3372 iniquitas
865 3291 1007 3374 gentium
1023 3291 1213 3372 conpleatur.
1246 3295 1311 3354 tam

167 3395 223 3459 din
247 3395 399 3458 ultionem
422 3393 525 3458 differt
548 3395 593 3458 ira
616 3395 727 3474 iudicii,
759 3395 908 3478 quamdiu
939 3399 1057 3460 crescat
1090 3395 1122 3458 in
1150 3395 1311 3458 cumulum

167 3517 319 3563 mensura
341 3499 470 3582 peccati,
494 3503 529 3562 nt
551 3503 753 3563 concurrente
777 3499 835 3563 sibi
856 3499 995 3564 bonitate
1020 3503 1050 3563 et
1070 3499 1236 3564 seueritate
1253 3500 1310 3563 sub

167 3621 234 3668 nno
254 3603 423 3685 eodemque
443 3607 584 3686 tempore
604 3603 678 3667 hinc
701 3603 855 3669 absolutio
878 3603 943 3684 filii,
967 3603 1038 3668 inde
1061 3605 1203 3669 contritio
1227 3623 1311 3668 ener-

167 3710 279 3772 ceatur
303 3707 429 3772 inimici.
949 3741 951 3746 ,
1337 3734 1364 3774 ω

280 3897 305 3968 l]
325 3897 406 3954 Hebr.
421 3901 462 3963 11,
475 3901 518 3954 31.
572 3899 601 3968 8]
620 3897 685 3954 Gen.
699 3901 739 3964 15,
754 3902 793 3954 16.

216 4085 395 4152 loperautoo
448 4081 636 4150 suscepiturP
687 4081 750 4135 raab
764 4082 791 4135 P
836 4079 1089 4137 3incredulitatiso
1136 4085 1272 4150 apromtu
1286 4083 1314 4138 P

165 4199 385 4252 ilamorreomm
404 4195 432 4250 P
476 4193 573 4248 israhel
593 4195 620 4247 P
666 4197 698 4249 10
717 4193 818 4262 adquae
837 4195 864 4247 P
910 4197 940 4250 il
961 4195 1077 4264 insigues
1096 4195 1132 4250 P¹
1188 4197 1220 4250 13
1238 4162 1270 4248 ei¹
1287 4197 1314 4250 Ρ

166 4285 193 4349 (s
212 4299 346 4350 capraecr.
366 4299 437 4336 moa.
456 4283 516 4348 alt.)
588 4285 620 4337 18
639 4279 787 4348 simulquac
806 4282 834 4336 P
902 4285 936 4336 20
958 4283 1090 4350 permittit
1107 4283 1214 4351 scripsi,
1236 4299 1311 4352 prae-

166 4369 259 4424 mittit
287 4369 313 4422 P
385 4371 416 4424 21
445 4368 681 4438 praedistinationc
711 4369 737 4422 P
810 4367 903 4437 inquid
932 4370 960 4423 P
1031 4373 1065 4425 22
1092 4385 1258 4424 amoreormn
1286 4370 1314 4423 P

165 4459 203 4514 27
224 4455 333 4512 aliertc
383 4457 418 4511 29
436 4455 596 4524 eodemquae
615 4455 643 4510 P
