3264 5134
198 1127 467 1204 FRAGMENTA
502 1130 560 1204 Al)
596 1129 792 1206 LAOUNAS
825 1129 1049 1204 LIBltllltUM
1088 1129 1142 1204 ΒΕ
1176 1129 1334 1205 Gellii

609 1268 925 1344 PERTINENTIA.

690 1475 842 1482 Ἤ

752 1643 778 1726 l..

242 1818 294 1882 En
308 1819 440 1905 prioris
464 1817 545 1882 libri
569 1819 607 1882 de
629 1819 739 1906 9ratia
762 1820 868 1904 capite
884 1817 991 1881 XIIII
1000 1817 1060 1881 sulr
1068 1817 1167 1901 flnenr
1185 1817 1335 1882 damnosa

197 1923 302 1986 uerba
323 1923 493 2009 desumpta
511 1934 597 2000 sunt,
621 1945 702 2009 quae
717 1922 853 1987 Ioannes
870 1923 1059 1986 Manentius
1079 1923 1114 1985 ia
1139 1921 1259 2001 libello,
1282 1923 1337 1986 cui

198 2027 396 2091 inscribitur
423 2027 478 2092 'ad
500 2027 675 2114 epistulam
698 2027 895 2091 Hormisdae
919 2027 1092 2114 responsio'
1118 2027 1253 2114 (Miqne7
1274 2019 1359 2091 Ρα-Ι

199 2131 339 2219 trolaqia
365 2130 492 2196 Graeca
516 2131 689 2195 LXXXVI
706 2133 736 2210 1,
752 2154 786 2216 p.
809 2132 901 2216 109),
930 2129 1026 2216 affert
1054 2131 1112 2218 (cs.
1134 2154 1215 2217 quae
1242 2154 1337 2217 eapo-

197 2235 325 2299 suimus
352 2237 389 2298 in
419 2235 504 2299 libra
532 2235 683 2300 'Studien
710 2235 788 2299 llber
816 2235 868 2298 die
898 2232 1065 2320 Schriften
1093 2235 1146 2298 des
1170 2235 1338 2322 Bisclrofes

198 2361 259 2403 uon
283 2341 361 2405 Reii
386 2339 541 2404 Faustus'
563 2363 596 2426 p.
613 2342 655 2404 22
670 2341 748 2426 sq.):

243 2446 373 2512 ‘Rursus
404 2447 435 2511 in
466 2448 566 2530 capite
596 2447 734 2510 eiusdem
764 2446 836 2510 libri
862 2443 920 2510 XV
948 2464 1044 2530 agens
1076 2443 1160 2527 (scil.
1186 2445 1335 2528 Faustus)

199 2555 308 2616 contra
331 2570 394 2632 soe,
419 2553 472 2633 qui
496 2571 556 2616 non
580 2553 735 2635 generale,
760 2551 813 2614 sed
830 2551 962 2633 speciale
980 2554 1124 2615 asserunt
1139 2551 1253 2614 donum
1271 2569 1337 2613 esse

198 2655 402 2736 credulitatis
426 2656 471 2719 its
493 2655 573 2720 inter
596 2660 698 2720 cetera
721 2656 873 2737 loquitur:
905 2655 968 2718 sed
991 2655 1098 2734 dieis,
1121 2654 1231 2736 inquit,
1255 2654 1338 2735 quia

199 2775 270 2822 narr
290 2759 463 2824 omnibus
480 2759 599 2840 detur,
623 2761 686 2824 sed
704 2761 837 2825 denum
855 2761 903 2822 sit
919 2759 1115 2841 personale
1133 2758 1337 2822 credulitas

200 2863 337 2927 stillis
362 2867 507 2928 tentum
531 2865 682 2928 eredere
706 2866 895 2946 suppetat,
926 2861 1061 2944 quibus
1086 2863 1175 2926 deus
1199 2862 1338 2943 specia-

200 2967 289 3031 liter
319 2969 489 3048 donauit,
520 2973 559 3032 ut
588 2969 792 3032 crederent.
845 2986 914 3031 non
945 2967 997 3030 ita
1029 2972 1092 3030 est.
1143 2984 1225 3031 narn
1256 2965 1338 3028 dum

201 3089 278 3136 earn
303 3071 474 3136 dominus
498 3073 609 3137 etiem
633 3072 676 3136 eb
700 3071 906 3136 incredulis
929 3069 1338 3154 exigit‚01nnibussam

202 3175 383 3241 insertam
414 3195 496 3241 esse
524 3177 765 3242 demonstrat.
812 3175 870 3239 cui
894 3179 1016 3238 eutem
1041 3175 1153 3238 eliam
1176 3175 1257 3256 ipsa
1280 3191 1339 3238 ns-

204 3284 308 3344 turee
331 3282 412 3366 lege
436 3298 506 3346 non
530 3285 704 3366 suppetat
726 3282 889 3360 eredere,
916 3280 1061 3362 quando
1085 3283 1120 3342 et
1143 3279 1338 3342 daemones

205 3385 359 3449 credunt
385 3388 420 3449 st
442 3386 770 3450 contremiscunt?

307 3577 336 3646 9]
355 3577 407 3631 Iac.
421 3579 445 3641 2,
460 3579 498 3634 19.

251 3756 262 3808 l
283 3769 426 3808 numerum
437 3751 497 3808 XV
506 3751 583 3822 apsel
593 3751 764 3807 Maumtiunr
777 3756 884 3804 nostrae
896 3750 1105 3820 computationis
1122 3764 1231 3802 numan
1244 3747 1342 3801 ΧΠΠ

207 3841 363 3910 nspcmlere
381 3842 398 3894 l.
412 3841 428 3894 l.
442 3839 582 3896 dontinus
640 3839 656 3892 6
675 3853 737 3892 nam
757 3837 821 3890 durn
839 3839 946 3906 scripsi,
966 3835 1084 3889 nondum
1103 3835 1198 3904 Miyru
1259 3836 1275 3889 8
1293 3849 1339 3886 ne-

205 3931 278 3980 turus
297 3928 404 3998 scripsi,
423 3929 519 3980 natura
536 3927 632 3996 Minue

753 4150 796 4233 Π.

250 4327 367 4392 Eadem
389 4327 454 4391 loca
470 4327 659 4390 Maxentius
678 4325 803 4412 (Miyne
828 4324 848 4387 l.
866 4348 890 4386 c.
904 4347 939 4410 p.
958 4324 1036 4408 111)
1050 4322 1242 4408 posterioris
1260 4319 1341 4383 libri

209 4431 327 4496 Fausti
355 4433 392 4496 ds
419 4433 527 4520 qratia
556 4441 654 4518 capul
678 4429 729 4494 XI
753 4429 846 4493 leodic
872 4428 1014 4491 marinna
1042 4451 1081 4490 erc
1103 4435 1201 4512 parte
1229 4425 1340 4510 deper-

259 4545 311 4588 m.
327 4546 398 4587 nun.
1171 4533 1185 4580 l

1364 2887 1376 2926 5

1366 3409 1392 3446 10
