3222 5144
285 512 349 576 274
725 511 791 566 IIII.
810 511 918 565 Sermo
939 512 978 566 13.

283 690 380 752 annis
396 688 588 771 spiritalibus
605 689 823 766 instruentem,
846 687 928 750 bella
943 690 1180 764 monstrantem,
1203 685 1343 766 praemia
1357 685 1421 766 pol-

285 793 441 856 licentem.
489 792 540 874 qui
568 811 639 856 cum
668 793 797 856 dixisset
825 791 984 874 discipulis
1012 791 1090 854 suis:
1125 791 1161 852 in
1192 790 1260 852 hoc
1290 788 1421 852 mundo

285 914 498 980 pressuram
520 895 726 976 habebitis,
751 915 831 974 mor,
855 896 936 958 unde
960 913 1011 959 cor
1034 895 1178 958 territum
1202 893 1422 972 consolaretur,

286 1002 424 1066 adiunxit
451 1002 570 1066 dicens:
603 1001 666 1065 sed
694 1000 891 1080 confidite,
922 999 1006 1081 quia
1039 1017 1103 1082 ego
1134 998 1208 1062 uici
1239 997 1420 1061 mundum.

246 1131 259 1170 s
286 1106 359 1188 quid
382 1124 455 1189 ergo
479 1105 639 1185 miramur,
663 1104 826 1184 carissimi,
850 1105 876 1167 si
893 1103 924 1166 in
947 1103 1000 1167 illo
1017 1103 1092 1166 uicit
1113 1101 1307 1181 UincentiuS,
1331 1118 1422 1182 aquo

285 1210 386 1273 uictus
409 1213 457 1273 est
479 1209 636 1272 mundus?
677 1209 713 1272 in
737 1207 817 1287 boo,
841 1207 950 1288 inquit,
974 1207 1105 1270 mundo
1128 1223 1341 1288 pressuram
1363 1204 1423 1267 ha-

284 1312 438 1394 bebitis,
469 1317 513 1392 ut,
544 1313 572 1376 si
600 1313 725 1396 premit,
755 1331 818 1376 uon
845 1311 1002 1394 obprimat
1031 1315 1071 1390 et,
1102 1311 1129 1373 si
1159 1309 1330 1392 obpugnat,
1361 1326 1422 1372 uon

285 1421 450 1501 expugnet.

328 1523 493 1605 Duplicem
528 1522 663 1585 mundus
697 1521 796 1584 aciem
829 1521 973 1603 producit
1006 1524 1114 1583 contra
1147 1518 1263 1582 milites
1298 1517 1422 1582 Christi.

234 1655 258 1692 10
284 1626 446 1704 aduertite,
468 1627 591 1690 fratros.
623 1625 789 1708 duplicem,
806 1625 877 1704 diui,
893 1625 993 1687 aciem
1009 1623 1145 1687 muudus
1161 1621 1303 1705 producit
1317 1625 1423 1684 contra

284 1731 400 1794 milites
417 1730 540 1795 Christi.
577 1730 736 1793 blanditur
759 1730 853 1809 euim,
877 1733 912 1792 ut
935 1729 1078 1812 decipiat,
1102 1730 1207 1806 terret,
1231 1729 1267 1789 ut
1290 1727 1422 1808 frangat.

285 1855 345 1900 non
360 1854 416 1900 nos
430 1838 536 1898 teneat
549 1836 694 1917 uoluptas
707 1835 841 1918 propria,
857 1853 917 1898 non
935 1853 989 1898 nos
1002 1837 1119 1897 terreat
1131 1831 1299 1896 crudelitas
1313 1831 1421 1894 aliena.

285 1945 316 2004 et
336 1940 408 2021 quia
423 1940 461 2002 ad
485 1943 633 2022 utrosque
650 1940 753 2003 aditus
777 1939 909 2003 occurrit
924 1938 1077 2016 Christus,
1100 1937 1201 2000 uictus
1218 1939 1266 2000 est
1289 1935 1423 1999 mundus

285 2049 315 2107 et
343 2063 403 2108 non
432 2044 567 2107 uincitur
591 2043 797 2108 Christianus.
844 2043 868 2105 si
897 2042 1107 2106 consideretur
1135 2041 1165 2104 in
1194 2041 1255 2103 ista
1280 2039 1424 2120 passione

232 2174 257 2212 15
284 2149 423 2212 humana
449 2147 614 2230 patientia,
642 2149 750 2230 insipit
780 2167 848 2210 esse
875 2146 1076 2225 incredibilia,
1107 2145 1134 2208 si
1161 2147 1348 2227 agnoscatur
1378 2143 1425 2205 di·

283 2253 358 2316 uina
380 2252 530 2334 potentia,
555 2253 668 2315 desinit
691 2271 759 2315 osso
783 2250 942 2313 mirabilis.
989 2253 1077 2312 tanta
1099 2247 1301 2332 grassabatur
1317 2246 1424 2308 crude-

284 2357 355 2419 litas
379 2356 409 2418 in
434 2356 579 2436 martyris
603 2373 728 2438 corpore
753 2358 784 2418 et
811 2357 899 2418 tauta
922 2353 1132 2434 tranquillitas
1155 2351 1370 2434 proferebatur
1393 2351 1425 2412 in

284 2478 370 2540 uoce,
393 2463 481 2523 tanta
503 2478 673 2542 poenarum
696 2461 849 2541 asperitas
873 2456 1033 2521 saeuiebat
1056 2457 1087 2520 in
1111 2455 1260 2519 membris
1284 2459 1314 2518 et
1337 2458 1425 2516 tanta

284 2565 434 2628 securitas
458 2562 591 2628 sonabat
614 2564 644 2627 in
667 2563 782 2642 uerbis,
806 2567 840 2625 ut
865 2562 943 2625 miro
967 2561 1058 2624 modo
1081 2563 1242 2643 putaretur
1258 2558 1423 2622 Uiuoentio

232 2696 257 2733 20
284 2670 421 2751 patiente
444 2668 541 2731 alium
565 2671 618 2731 aut
640 2671 721 2730 certe
745 2667 840 2730 alium
865 2667 1009 2747 loquente
1032 2664 1195 2728 Uinceutio
1217 2662 1363 2744 torqueri.

328 2773 367 2836 llt
394 2791 477 2852 uere,
505 2772 616 2835 fratres
640 2771 801 2851 carissimi,
831 2770 876 2833 ita
898 2773 974 2848 erat,
1002 2787 1128 2850 prorsus
1156 2768 1200 2831 ita
1223 2770 1298 2830 erat.
1343 2766 1422 2829 alius

284 2875 478 2957 loquebatur.
524 2875 668 2957 promisit
691 2876 773 2938 enim
798 2877 829 2938 et
851 2875 909 2937 boc
932 2873 1066 2936 testibus
1089 2873 1154 2936 suis
1178 2871 1331 2936 Christus.
1377 2870 1422 2932 sic

285 2982 368 3044 enim
391 2981 422 3043 in
447 2980 607 3062 euangelio
630 2981 752 3044 locutus
776 2981 824 3042 est
846 2979 921 3056 suiS,
945 2995 1022 3059 quos
1039 2977 1078 3040 ad
1100 2976 1193 3040 buius
1216 2975 1300 3038 modi
1323 2977 1424 3037 certa-

284 3085 371 3148 mina
383 3082 602 3166 praeparabat:
616 3084 733 3146 nolite
749 3082 1029 3166 praemeditari,
1043 3079 1223 3163 quomodo
1236 3077 1424 3161 aut<quid>

232 3215 257 3252 11
284 3187 501 3270 loquamini.
547 3205 617 3251 non
652 3188 748 3250 enim
783 3205 847 3250 uos
882 3187 989 3265 estis,
1020 3185 1080 3267 qui
1116 3183 1328 3265 loquimini,
1359 3182 1423 3244 sed

387 3385 415 3453 2]
436 3385 527 3438 Ioann.
542 3387 582 3448 16,
595 3387 635 3440 33.
698 3385 743 3454 24]
764 3384 859 3438 Matth.
875 3387 914 3448 10,
930 3387 968 3440 19.
1010 3427 1011 3430 ,

330 3561 342 3614 l
371 3557 577 3626 monstrantem]
605 3557 738 3612 adiutoria
765 3558 965 3612 ministrantem
991 3557 1056 3612 aad.
1078 3558 1149 3626 App.
1221 3559 1238 3612 3
1261 3555 1369 3625 psuram
1393 3554 1424 3610 D

285 3651 330 3698 cor
353 3649 370 3699 t.
389 3645 424 3714 o.]
452 3645 538 3700 territi
566 3645 766 3699 consolarentur
792 3647 863 3716 Aaq.
934 3647 951 3698 4
979 3643 1115 3698 adiuuerit
1137 3644 1166 3698 D
1236 3642 1365 3696 confidete-
1394 3643 1424 3698 D

285 3724 404 3813 ’1111)
456 3758 643 3826 tuingentius
663 3761 691 3813 D
753 3747 882 3826 dinquid
900 3758 930 3812 D
981 3758 1110 3826 1111111)
1167 3757 1329 3826 71111111,
1348 3757 1375 3808 ot
1393 3756 1425 3809 D

285 3844 395 3914 obpmat
408 3847 436 3900 D
491 3848 522 3900 12
535 3845 658 3898 uoluntas
671 3845 753 3914 pbria
771 3847 800 3899 D
855 3843 1044 3912 1311111111
1058 3847 1185 3912 utrosque
1201 3842 1289 3896 aditus
1308 3841 1425 3894 occurrit

286 3931 414 3996 Christus,
433 3933 520 3986 uictus
540 3935 579 3985 ost
598 3931 714 3985 muudus
732 3933 839 4001 scripsi,
858 3934 885 3985 et
897 3932 959 3999 quia
971 3931 1057 3984 uictus
1071 3927 1425 3997 311(111111.)1111111111Ι

286 4018 319 4072 ad
342 4023 466 4088 utrosque
490 4019 575 4073 aditos
599 4019 714 4073 occurrit
738 4017 784 4087 1111
808 4019 844 4080 D,
869 4021 896 4071 ct
918 4018 1005 4070 uictus
1028 4021 1069 4071 est
1091 4017 1213 4070 mundus.
1242 4015 1274 4069 ad
1298 4022 1424 4082 utrosque

285 4104 494 4175 aedbricto.
568 4108 600 4161 16
618 4105 712 4158 disinit
730 4107 759 4159 D
831 4107 861 4159 17
881 4104 1016 4172 martyriis
1035 4105 1063 4159 D
1134 4107 1165 4158 18
1184 4107 1260 4157 tanta
1278 4119 1423 4171 poenarum

284 4193 383 4262 scripsi
395 4194 533 4260 (tantaque
545 4209 569 4262 p.
583 4193 675 4262 Aac),
688 4195 729 4245 tot
740 4209 765 4260 p.
779 4193 809 4245 D
856 4191 978 4260 aspiritas
991 4190 1110 4244 1111111111
1123 4193 1151 4246 D
1200 4193 1231 4245 19
1244 4190 1381 4258 ningeutio
1394 4192 1426 4244 D

286 4279 457 4346 copulante
480 4281 561 4349 dap,
582 4279 712 4348 patientia
735 4279 764 4332 D
786 4280 827 4344 (ia
850 4295 903 4332 ros.
928 4295 1010 4348 super
1036 4277 1166 4345 torqueri)
1236 4276 1372 4344 ningentio
1393 4279 1426 4331 D

285 4368 317 4420 21
338 4366 376 4418 ita
393 4370 450 4418 erat
467 4367 548 4435 dap,
566 4367 679 4418 iteratur
696 4367 726 4420 D
777 4381 886 4432 prossus
909 4366 939 4419 D
991 4367 1025 4419 23
1044 4364 1191 4417 ceramina
1210 4364 1238 4418 D
1294 4363 1425 4432 2411111-

286 4451 371 4508 ditare
390 4452 419 4506 D
471 4451 535 4520 quid
553 4469 603 4506 om.
617 4452 646 4506 D
698 4451 842 4520 loquamini
862 4453 891 4506 D
