3320 5140
674 473 913 542 Prolegomena.
1321 473 1360 527 IX

227 651 290 713 stat
321 647 374 730 (cf.
394 647 497 714 Joffe²
525 669 570 713 nr.
592 647 679 732 552),
711 650 875 712 concilium
907 649 1108 712 aRauennio
1131 649 1258 712 Arelate
1288 665 1360 712 con-

226 756 391 838 gregatum
422 757 470 818 est
500 753 539 817 ad
566 753 734 818 discordias
763 753 1006 836 componendas
1038 771 1116 835 quae
1145 755 1249 816 essent
1279 752 1360 816 inter

226 856 422 921 Theodomm
445 857 624 940 episcopum
648 857 891 922 Foroiuliensem
916 857 1157 939 monasteriique
1180 857 1358 920 Lerinensis

226 965 402 1044 patronum,
433 961 486 1043 qui
515 963 633 1026 maiora
662 963 694 1026 in
724 962 908 1027 Lerinenses
940 963 1007 1026 iura
1038 961 1294 1044 amplectebatur,
1329 965 1360 1024 et

226 1065 379 1130 Faustum
403 1065 469 1130 eius
493 1067 677 1135 monasterii¹
698 1066 853 1130 abbatem.
893 1085 953 1150 quo
977 1066 1106 1130 concilio
1127 1068 1280 1130 statutum
1301 1068 1357 1144 est,

227 1173 261 1234 ut
280 1189 329 1235 res
349 1171 504 1254 spiritales
525 1171 741 1236 tantummodo
758 1171 901 1254 episcopo
917 1174 1138 1254 competerent,
1161 1170 1239 1234 laica
1254 1173 1358 1233 aulem

226 1275 406 1339 monasterii
437 1276 636 1359 congregatio
663 1276 701 1340 ad
729 1293 836 1340 curam
864 1275 988 1339 abbatis
1015 1275 1185 1360 pertineret
1211 1272 1263 1356 (cl.
1288 1272 1358 1338 Col-

225 1379 316 1443 lectio
332 1379 533 1444 conciliorum
549 1377 680 1461 Galliae,
698 1380 792 1445 editio
808 1380 962 1460 Maurina,
983 1379 1111 1444 Parisiis
1130 1376 1223 1458 1189,
1239 1379 1254 1442 Ι
1270 1376 1356 1460 579).

267 1483 404 1549 Maximo
431 1487 554 1549 mortuo
582 1484 716 1549 Faustus
746 1473 909 1568 episcopus
937 1483 1077 1548 Reiensis
1108 1484 1209 1548 factus
1240 1485 1297 1564 est,
1327 1483 1357 1546 id

224 1588 306 1670 quod
334 1607 369 1652 ex
396 1587 539 1653 uersibus
563 1587 679 1654 Sidonii
706 1607 801 1672 supra
827 1589 930 1652 allatis
959 1589 1143 1672 eolliginms.
1189 1605 1248 1670 quo
1264 1603 1357 1667 anno

224 1693 356 1756 Faustus
377 1683 732 1774 Maximo'successerit,
764 1712 825 1758 non
848 1675 955 1775 liquet,
987 1693 1041 1756 sed
1065 1710 1091 1756 a.
1108 1690 1172 1755 462
1195 1710 1265 1755 eum
1294 1693 1357 1774 epi-

224 1815 351 1880 scopum
368 1797 430 1861 iam
450 1798 546 1862 luisse
569 1817 605 1862 ex
628 1798 704 1862 actis
728 1798 847 1862 concilii
870 1798 907 1862 de
930 1815 1025 1862 causa
1040 1797 1199 1862 Hermetis
1222 1796 1356 1880 episcopi

224 1902 340 1966 Romae
364 1919 383 1965 a
405 1921 428 1966 s.
446 1901 564 1966 Hilario
591 1919 673 1985 papa
699 1903 879 1986 congregati
906 1901 1119 1985 perspicimus,
1148 1901 1196 1964 cui
1223 1901 1356 1964 Faustus

224 2009 255 2070 et
277 2005 439 2070 Auxanius
463 2007 598 2090 episcopi
622 2005 660 2070 ab
685 2007 838 2090 episcopis
862 2005 989 2070 Gallicis
1013 2007 1108 2090 legati
1136 2006 1357 2088 praesedemnt

222 2109 329 2193 (Cone.
347 2109 427 2176 Gall.
444 2111 513 2176 coll.
531 2111 545 2174 Ι
569 2109 656 2194 606).
691 2111 753 2175 iam
777 2131 847 2175 eum
872 2111 1001 2175 minime
1025 2103 1209 2175 uerisimile
1226 2129 1294 2174 esse
1311 2111 1357 2172 ui·

223 2215 332 2279 deatur
359 2217 536 2299 episcopum
566 2235 663 2298 nuper
692 2216 818 2280 demum
850 2216 1027 2280 ordinatum
1055 2216 1186 2280 Romam
1217 2216 1355 2298 legatum

223 2339 301 2400 esse,
326 2323 361 2384 ut
383 2321 524 2384 omnium
545 2320 774 2403 prouinciarum
795 2320 915 2385 Galliae
936 2323 1150 2404 episcoporum
1170 2323 1273 2403 partes
1294 2338 1356 2383 una

222 2442 293 2488 cum
310 2423 451 2489 Auxanio
475 2425 655 2507 susciperet,
679 2424 815 2489 Faustus
838 2445 895 2508 per
916 2426 1033 2507 aliquot
1055 2443 1154 2490 annos
1177 2425 1356 2508 episcopatu

221 2529 347 2592 functus
376 2529 426 2608 sit,
455 2529 638 2612 priusquam
661 2529 793 2593 Romam
820 2530 986 2613 legeretur,
1015 2549 1141 2594 neeesse
1169 2533 1226 2610 est,
1254 2530 1299 2593 ita
1321 2533 1355 2592 ut

221 2631 355 2698 libenter
377 2633 604 2715 adstipulamur
619 2633 667 2714 iis,
692 2635 832 2716 quicum
849 2653 931 2698 anno
950 2632 1014 2697 452
1035 2635 1214 2717 episcopum
1237 2619 1354 2698 factum

223 2755 290 2800 esse
310 2737 509 2802 contendant.
543 2737 661 2802 aceedit
681 2737 762 2820 quod
783 2739 813 2802 in
835 2739 967 2820 epistula
988 2758 1012 2802 3.
1029 2739 1140 2802 Hilarii
1163 2755 1270 2820 papae,
1294 2756 1355 2820 qua

222 2841 382 2925 respondit
404 2860 430 2906 a.
447 2839 512 2904 464
535 2842 685 2925 episcopis
706 2841 843 2923 Gallicis,
867 2843 921 2924 qui
944 2843 982 2906 ad
1006 2859 1131 2906 causam
1156 2862 1179 2906 s.
1197 2841 1354 2922 Mamerti,

221 2947 274 3028 qui
304 2946 487 3010 Deensibus.
511 2947 688 3031 episcopum
720 2947 931 3027 ordinauerat,
967 2947 1048 3029 quod
1082 2947 1121 3011 ad
1152 2965 1184 3011 se
1215 2950 1354 3030 spectare

223 3049 383 3132 episeopus
399 3049 592 3114 Arelatensis
615 3050 832 3131 contendebat,
857 3051 1093 3115 examinandam
1114 3050 1243 3116 Leontio
1265 3069 1354 3134 prae-

222 3153 341 3218 sidente
376 3156 528 3236 synodum
564 3158 845 3239 congregauerant,
882 3155 1015 3220 Faustus
1052 3159 1100 3220 est
1128 3157 1208 3220 inter
1242 3156 1353 3239 uiginti

204 3258 380 3340 'episcopos
408 3276 508 3323 nonus
537 3257 964 3341 (Conc.Gall.coll.1609)
992 3263 1033 3341 et,
1062 3262 1088 3324 si
1115 3261 1264 3340 ordinem,
1293 3278 1353 3341 quo

222 3362 336 3447 singuli
352 3363 487 3447 episcopi
504 3364 579 3428 lacti
595 3367 678 3445 sunt,
702 3365 954 3448 chronologicum
975 3370 1133 3429 seruatum
1155 3384 1223 3429 esse
1243 3365 1273 3428 111
1294 3365 1352 3428 lrac

221 3467 453 3552 enumeratione
481 3469 643 3532 nominum
671 3469 850 3551 statuimus,
877 3470 950 3534 hinc
977 3488 1098 3552 quoque
1121 3470 1271 3534 Faustum
1298 3488 1353 3552 per

221 3573 395 3655 complures
419 3572 481 3637 iam
504 3591 603 3636 annos
626 3573 804 3656 episcopum
829 3574 925 3638 luisse
949 3574 1098 3638 elicimus.

264 3675 363 3758 Quem
386 3677 425 3741 ad
448 3677 574 3742 modum
592 3677 726 3742 Faustus
743 3677 827 3742 Reiis
851 3698 884 3742 se
907 3679 1050 3762 gesserit,
1075 3698 1110 3742 ex
1134 3678 1272 3761 epistulis
1296 3678 1352 3742 ali·

220 3784 294 3863 quot
308 3784 340 3845 et
355 3781 491 3846 carmine
508 3781 709 3846 eucharistico
725 3781 842 3847 Sidonii
858 3785 1076 3866 eonsperimm,
1100 3784 1152 3865 qui
1167 3801 1351 3866 germanum

220 3903 312 3950 suum
336 3903 354 3950 a
375 3885 491 3950 Fausto
514 3886 680 3950 educatum
703 3887 805 3969 esse1)
829 3886 936 3970 (carm.
954 3889 1028 3952 XVI
1051 3885 1105 3970 12)
1129 3907 1229 3969 neque
1253 3875 1374 3952 nouae'

220 3989 379 4073 dignitatis
406 3989 534 4054 obtentu
561 3991 695 4073 rigorem
722 3991 836 4056 ueteris
865 3991 1045 4076 disciplinae
1069 3993 1245 4056 Lerinensis
1272 3993 1352 4056 rela-

219 4093 835 4178 1311113333(ρ.152,111.)11111111.
883 4097 1027 4160 eximiam
1058 4097 1190 4181 gloriam
1218 4097 1351 4161 Faustus
1423 4121 1426 4130 ·

263 4335 282 4404 ι)
305 4334 427 4390 Cetemm
450 4336 473 4389 si
495 4337 553 4404 quis
572 4335 673 4390 Sidonii
696 4336 805 4391 tratrem
824 4355 840 4391 a
857 4337 955 4392 Fausto
978 4338 1030 4392 iam
1048 4338 1138 4393 Lerinl
1156 4339 1254 4392 sanetis
1273 4341 1350 4394 disci-

218 4422 298 4492 plinis
316 4421 448 4476 imbutum
468 4438 523 4476 esse
542 4423 645 4488 dixerit,
663 4423 706 4476 uix
725 4441 766 4478 rno
785 4423 892 4478 habebit
911 4425 1100 4480 aduersarium.
1202 4471 1204 4478 ,
