3264 5134
304 483 348 548 54
767 484 788 538 I.
808 484 852 537 De
870 485 980 552 gratia

306 661 407 725 adhuc
434 678 560 724 oausam
588 641 804 725 obdurationis
828 661 955 725 aduerte
983 661 1154 726 secundum
1181 661 1371 725 sententiam
1394 679 1443 724 sa·

304 765 493 848 pientissimi
523 763 713 845 SalamoniS,
744 766 796 846 qui
827 765 914 829 dicit:
948 766 1084 848 impius
1117 783 1198 829 cum
1228 765 1377 830 uenerit
1407 765 1442 828 in

304 868 528 952 profundum
560 870 755 950 malorum,
791 870 1013 949 contemnit,
1050 869 1081 933 id
1112 873 1160 934 est
1189 869 1227 933 de
1257 867 1443 934 adsiduitate

304 973 454 1056 peccandi
481 973 655 1056 desperatio
687 974 840 1052 nascitur,
871 973 1033 1038 obduratio
1064 991 1137 1038 uero
1168 993 1204 1037 ex
1231 973 1443 1057 desperatione

267 1103 279 1142 s
305 1081 482 1161 generatur.
529 1077 603 1142 dum
627 1078 701 1141 dicit
723 1077 914 1142 Hieremias:
943 1078 1145 1144 noluerunt
1165 1078 1322 1158 reuerti,
1345 1077 1442 1156 uides,

306 1183 378 1264 quia
401 1180 563 1246 obduratio
586 1182 685 1247 cordis
710 1183 826 1246 crimen
851 1185 899 1246 est
920 1182 1061 1265 propriae
1088 1182 1269 1246 uoluntatis.
1316 1181 1444 1245 inhone-

306 1289 388 1365 stus,
420 1285 550 1370 cupidus
581 1290 613 1350 et
643 1289 789 1350 cruentus
818 1290 867 1350 est
893 1286 1059 1351 cuiuslibet
1088 1285 1232 1350 facinoris
1263 1303 1388 1365 seruus,
1418 1285 1444 1348 si

305 1390 442 1472 peccatis
466 1408 528 1454 uon
550 1391 729 1455 reluctetur.

348 1494 518 1559 Videamus
542 1499 658 1576 autem,
686 1496 768 1560 uude
792 1495 952 1560 obduratio
975 1496 1035 1560 ista
1057 1498 1214 1559 nascatur.
1253 1510 1315 1559 non
1337 1494 1444 1574 utique

156 1621 160 1630 ·
256 1625 280 1662 ro
306 1599 454 1665 uiolentia
488 1600 708 1682 conpellente,
743 1599 797 1664 sed
832 1599 999 1664 elementia
1032 1599 1198 1663 relaxantis
1232 1598 1443 1663 obdurationis

306 1703 425 1768 occasio
447 1707 503 1784 est,
527 1703 663 1786 dumque
684 1705 722 1768 ad
737 1705 962 1788 paenitentiam
983 1704 1119 1768 sustinet
1141 1703 1375 1786 delinquentem
1397 1703 1444 1766 iu·

306 1807 477 1891 fatigabilis
504 1807 642 1888 bonitas,
671 1807 810 1872 abutitur
833 1807 1046 1872 beniuolentia
1071 1807 1261 1872 remittentis
1289 1807 1370 1872 elata
1397 1825 1445 1872 se·

307 1912 432 1976 auritas.
492 1913 560 1976 ideo
588 1913 633 1976 ait
658 1912 769 1976 beatus
798 1913 970 1996 apostolus:
1005 1931 1050 1976 an
1080 1913 1234 1976 diuitias
1261 1911 1444 1976 bonitatis

307 2018 385 2079 eius
416 2019 452 2080 et
479 2017 690 2098 patientiae
718 2021 754 2081 et
775 2017 1081 2100 longanimitatis
1109 2017 1318 2081 contemnis
1345 2017 1445 2099 igno·

255 2143 280 2182 rs
307 2139 408 2200 raus,
436 2121 608 2202 quoniam
637 2121 852 2204 benignitas
881 2121 937 2185 dei
965 2122 1008 2185 ad
1030 2121 1303 2204 paenitentiam
1326 2124 1362 2185 te
1389 2121 1446 2184 ad-

307 2225 430 2288 ducit?
459 2225 661 2288 secundum
689 2225 864 2290 duritiam
892 2228 1016 2290 autem
1043 2229 1143 2290 tuam
1172 2229 1208 2289 et
1235 2241 1294 2290 cor
1321 2225 1446 2308 inpae-

307 2328 432 2392 nitens
453 2329 688 2393 thesaurizas
709 2329 780 2393 tibi
800 2329 893 2393 iram
912 2330 948 2394 in
969 2329 1026 2392 die
1045 2329 1121 2393 irae
1142 2333 1178 2394 et
1196 2329 1445 2394 reuelationis

308 2433 398 2497 iusti
428 2433 560 2496 iudicii
590 2433 656 2497 dei.
703 2432 849 2514 ademtis,
874 2433 955 2515 quod
979 2433 1137 2516 apostolus
1164 2433 1294 2497 dicendo
1318 2451 1445 2498 secun·

308 2537 391 2600 dum
416 2537 593 2602 duritiam
616 2541 716 2602 tuam
741 2541 776 2601 et
796 2555 856 2601 cor
875 2538 1115 2620 inpoenitens
1139 2555 1201 2602 nou
1221 2537 1289 2618 deo,
1313 2537 1368 2602 sed
1391 2537 1446 2602 ho-

256 2665 281 2704 ro
308 2642 386 2706 mini
406 2642 530 2726 culpam
552 2643 688 2706 indurati
709 2643 809 2707 cordis
830 2642 990 2706 adscribit:
1015 2643 1205 2725 ignoranS,
1228 2642 1339 2724 inquit,
1362 2659 1446 2724 quo-

307 2748 405 2811 niam
444 2747 659 2831 benignitas
698 2747 755 2810 dei
798 2747 840 2810 ad
877 2747 1150 2830 paenitentiam
1193 2750 1229 2810 te
1271 2745 1445 2810 adducit?

308 2851 510 2915 secundum
545 2851 721 2915 duritiam
760 2854 882 2914 autem
914 2853 1015 2915 tuam
1049 2853 1086 2913 et
1118 2850 1352 2932 inpoenitens
1387 2867 1445 2914 cor

309 2955 543 3019 thesaurizas
571 2954 642 3018 tibi
669 2956 760 3018 iram
786 2955 824 3019 in
847 2955 903 3019 die
927 2956 1004 3018 irae
1028 2957 1064 3018 et
1086 2953 1331 3018 reuelationis
1355 2953 1446 3016 iusti

308 3059 439 3122 iudicii
466 3059 533 3122 dei.
580 3076 723 3142 agnosce,
756 3059 830 3141 quia
859 3077 921 3122 uon
952 3059 1115 3122 austeritas
1148 3057 1197 3121 dei
1226 3057 1351 3121 indurat
1380 3073 1446 3120 ma—

256 3183 282 3224 ss
308 3163 410 3227 lorum
438 3163 543 3241 corda,
572 3162 626 3226 sed
648 3162 781 3226 bonitas.
828 3179 901 3226 nam
928 3163 1001 3243 quia
1024 3160 1262 3226 tribulationum
1287 3159 1446 3226 laboribus

310 3285 346 3330 ao
365 3265 496 3349 flagellis
516 3284 570 3348 pro
591 3266 639 3330 dei
662 3266 813 3349 patientia
836 3283 897 3330 non
922 3265 1112 3350 affliguntur,
1135 3267 1202 3330 ideo
1227 3264 1372 3348 superbia
1394 3264 1447 3328 de·

308 3373 487 3454 prauautur.
535 3370 616 3452 quod
643 3371 688 3433 ita
715 3389 782 3433 esse
812 3370 972 3434 euidenter
994 3375 1025 3434 et
1047 3371 1199 3454 propheta
1225 3371 1448 3434 commemorat

310 3474 429 3538 diceus:
457 3473 493 3536 in
521 3473 713 3538 laboribus
740 3475 928 3538 hominum
956 3491 1027 3538 uon
1055 3479 1141 3539 sunt
1169 3477 1204 3538 et
1230 3492 1311 3538 cum
1333 3473 1447 3538 homi-

309 3577 419 3641 nibus
454 3595 525 3642 nou
559 3577 876 3660 flagellabuntur,
910 3579 991 3642 ideo
1025 3579 1149 3642 tenuit
1180 3595 1240 3642 eos
1271 3578 1447 3661 superbia

257 3706 283 3745 oo
310 3700 443 3746 eorum,
482 3699 518 3745 ac
541 3681 585 3746 sic
608 3681 683 3745 dum
703 3699 803 3765 poena
825 3683 857 3746 in
880 3682 1027 3746 iudicium
1049 3686 1228 3747 reseruatur
1251 3682 1387 3764 dumque
1409 3683 1447 3747 ad

413 3888 440 3957 2]
459 3888 538 3941 Prou.
555 3891 593 3951 18,
607 3889 630 3943 3.
687 3887 730 3958 13]
751 3888 825 3942 Rom.
839 3891 864 3955 2,
876 3891 900 3943 4.
955 3887 1000 3956 28]
1019 3887 1118 3942 Psalm.
1133 3890 1173 3952 72,
1187 3892 1210 3944 5.

353 4078 535 4148 ldisperatio
558 4079 586 4133 P
654 4079 831 4148 disperatione
855 4080 882 4132 P
950 4083 1036 4133 lest
1057 4081 1107 4146 (eo
1128 4079 1212 4147 erit2)
1238 4082 1343 4151 scripsi,
1372 4085 1398 4134 et
1422 4081 1449 4134 P

310 4168 469 4220 deuteron
521 4166 629 4234 ntiquae
649 4167 675 4220 P
728 4169 757 4221 ll
779 4165 951 4233 dumquaeP
1003 4169 1033 4223 14
1053 4166 1270 4236 longanimitates
1284 4169 1319 4222 P¹
1372 4169 1447 4236 igno-

311 4267 352 4304 ras
371 4271 386 4306 o
449 4257 480 4308 18
498 4252 620 4305 aduertes
639 4255 666 4306 P
726 4257 759 4308 20
778 4253 988 4310 indurationisc
1046 4255 1187 4322 ignoraso
1241 4257 1274 4310 24
1294 4255 1374 4309 cordo
1392 4272 1446 4309 ma-

310 4338 397 4392 lorum
427 4357 440 4392 o
510 4341 543 4394 25
570 4339 770 4392 tribulationem
798 4341 833 4393 P¹
909 4344 942 4396 26
970 4341 1126 4409 patientiam
1155 4342 1182 4396 P
1255 4345 1288 4398 28
1315 4341 1405 4396 labore
1431 4361 1447 4396 o

311 4428 344 4479 30
364 4424 493 4492 dumquue
513 4426 540 4478 P
