3264 5134
698 481 794 536 Liber
812 483 825 536 I
844 485 919 539 8-9.
1333 481 1372 546 27

242 677 337 722 manu
360 658 537 723 adiuuantis
562 658 727 724 existimat.
766 663 903 722 ceterum
934 659 972 722 ad
999 676 1081 738 eum,
1109 658 1161 739 qui
1188 675 1260 722 cum
1283 658 1376 722 miso-

241 765 340 828 rantis
363 763 475 828 auxilio
504 767 634 827 conatus
662 781 734 828 suos
761 765 869 848 iungit,
901 782 962 827 non
986 763 1077 826 dicit:
1109 780 1179 826 non
1211 762 1375 826 uolentis

242 887 359 949 neque
382 869 583 948 currentia,
607 868 661 932 sed
684 868 783 932 multo
807 869 896 932 aliter
920 868 959 931 ad
975 886 1046 931 eum
1062 867 1214 948 loquitur:
1239 867 1306 945 sic,
1329 867 1375 930 in-

241 972 320 1054 quit,
348 972 501 1051 currite,
529 976 570 1036 ut
596 972 923 1054 conprehendens,
955 975 986 1035 et
1015 971 1145 1035 iterum:
1179 975 1253 1034 tarn
1283 970 1375 1034 bene

241 1073 472 1140 currebatis.
497 1076 579 1157 quis
602 1095 666 1141 uos
690 1076 876 1158 inpediuit
903 1076 1055 1139 ueritati
1083 1092 1153 1138 non
1180 1073 1375 1139 oboedire?
1415 1091 1428 1129 ι

242 1181 267 1244 si
293 1198 354 1244 non
378 1183 427 1244 est
450 1180 545 1243 etiarn
569 1180 713 1244 uoluntas
737 1180 927 1263 expectanda
949 1180 1110 1258 currentis,
1133 1196 1228 1260 quare
1250 1179 1375 1241 dicitur:

241 1302 309 1366 ego
332 1285 447 1367 igitur
471 1283 523 1347 sio
546 1302 666 1364 curro,
690 1303 759 1348 non
783 1284 887 1366 quasi
911 1284 947 1347 in
970 1284 1168 1363 incertum,
1192 1283 1375 1346 etiterum:

241 1407 389 1452 cursum
413 1388 682 1467 consummaui,
706 1388 818 1452 fidem
842 1388 1016 1452 seruaui?
1039 1405 1109 1452 non
1133 1387 1295 1451 uolentis
1318 1405 1377 1449 ne·

242 1513 313 1574 quc
336 1492 539 1556 currentis:
570 1493 636 1574 ipse
665 1491 724 1556 sibi
752 1492 870 1556 obtexit
899 1511 1037 1556 errorum
1067 1491 1229 1570 tenebras,
1261 1492 1314 1572 qni
1344 1491 1376 1554 in

242 1597 405 1680 scripturis
429 1598 545 1660 sanctis
576 1597 625 1660 uel
652 1615 801 1679 personas
828 1597 928 1660 nescit
957 1597 1148 1679 interrogare
1178 1597 1229 1659 uel
1256 1613 1376 1658 causas.
1405 1613 1428 1651 ιο

242 1701 389 1765 hocloco
412 1701 571 1784 apostolus
593 1702 734 1784 gentium
749 1703 904 1764 'asserens
935 1701 1029 1764 fidem
1055 1700 1241 1765 Iudaeorum
1270 1719 1377 1782 super-

241 1805 328 1868 biam
350 1808 471 1869 coercet
494 1808 525 1869 et
540 1805 716 1887 conprimit,
740 1806 791 1887 qui
814 1803 874 1869 sibi
898 1804 1051 1868 iustitiam
1074 1804 1111 1868 de
1131 1805 1209 1888 legis
1232 1801 1376 1885 operibus

241 1908 436 1992 adrogabant
466 1927 502 1973 ac
525 1909 573 1972 dei
601 1909 842 1973 miscricordiam
875 1913 906 1972 ct
935 1909 1067 1992 gratiam
1095 1907 1293 1990 respuebant,
1324 1908 1376 1989 qui

242 2032 361 2094 suam,
392 2017 428 2078 ut
455 2013 528 2077 dicit
555 2015 723 2096 apostolus,
751 2017 976 2096 quaerentes
999 2017 1165 2077 statuere
1188 2013 1376 2078 iustitiam

242 2117 419 2181 iustitiae
442 2117 500 2181 dei
523 2135 592 2181 non
617 2122 704 2200 sunt
726 2119 895 2182 subiecti.
1404 2135 1429 2173 rs

287 2221 370 2300 Quos
387 2222 494 2286 etalio
510 2223 578 2286 loco
595 2222 742 2286 simulata
757 2223 976 2286 iustificatione
991 2225 1022 2286 et
1037 2222 1163 2304 obliqua
1177 2241 1232 2305 per
1247 2223 1377 2286 ironiam

241 2343 319 2389 noce
342 2326 529 2390 condemnat
552 2326 673 2390 dicens:
698 2345 767 2390 non
791 2327 876 2390 ueni
899 2345 1031 2390 uocare
1053 2327 1188 2406 iustos,
1213 2327 1275 2390 sed
1298 2345 1378 2410 pec-

241 2433 388 2494 catores
411 2431 454 2494 ad
476 2431 760 2513 paenitentiam.
798 2432 905 2511 iustos,
932 2432 963 2496 id
986 2435 1044 2511 est,
1071 2432 1124 2513 qui
1147 2431 1207 2494 sibi
1229 2431 1266 2494 de
1289 2449 1378 2512 prae·

241 2535 418 2617 sumptione
442 2535 578 2598 iustitiae
602 2535 812 2615 blandiuntur,
836 2535 917 2599 sicut
940 2539 971 2599 et
992 2535 1051 2600 alio
1067 2536 1134 2598 loco
1157 2535 1376 2598 iustificantem

241 2658 278 2702 se
300 2639 420 2722 respuit
442 2639 645 2703 Pharisaeum
669 2643 700 2702 et
723 2643 921 2702 accusantem
950 2659 984 2704 se
1011 2641 1140 2722 suscipit
1166 2639 1376 2722 publicanum.
1404 2655 1430 2693 ιο

241 2760 315 2806 non
349 2743 452 2821 ueni,
486 2743 605 2824 inquit,
640 2761 773 2807 uocare
807 2743 946 2824 iustos,
984 2744 1048 2807 sed
1081 2747 1297 2826 peccatores
1335 2743 1378 2806 ad

240 2847 529 2930 paenitentiam,
552 2847 583 2910 id
607 2851 664 2927 est,
688 2849 838 2911 nonnoni
856 2847 986 2911 Iudaeos
1010 2867 1046 2911 ex
1069 2848 1138 2930 lege
1161 2847 1219 2911 sibi
1242 2847 1378 2911 iustitiae

240 2949 408 3034 priuilegia
430 2950 634 3031 uindicantes,
657 2951 710 3014 sed
732 2952 834 3035 potius
857 2953 966 3035 gentes
989 2951 1111 3033 requiro
1135 2970 1170 3014 er
1186 2951 1247 3015 fide
1269 2967 1379 3034 pecca-

240 3058 346 3118 torum
369 3055 592 3136 paenitentiam
615 3055 806 3138 profitentes.
839 3073 911 3119 num
935 3055 974 3119 ad
996 3057 1135 3138 ipsorum
1159 3056 1323 3120 elationem
1348 3059 1379 3118 et

241 3159 305 3222 alio
328 3158 394 3223 loco
417 3159 462 3222 ita
489 3157 580 3223 dicit:
612 3177 681 3224 non
709 3163 767 3223 cst
794 3177 884 3241 opus
908 3160 1010 3223 sanis
1038 3159 1193 3240 medico,
1224 3160 1286 3224 sed
1317 3160 1379 3242 qui
1405 3177 1431 3216 ιι

242 3262 339 3326 male
362 3262 508 3326 hubent.
547 3263 654 3327 Iudaei
678 3267 783 3327 antem
807 3263 904 3327 iustos
921 3267 953 3328 et
968 3281 1061 3328 sanos
1077 3283 1110 3328 se
1126 3263 1285 3328 iactabant
1300 3283 1378 3343 esse,

241 3366 300 3430 sed
323 3385 384 3430 non
407 3370 505 3430 erant.
539 3367 608 3448 quis
624 3371 731 3431 antem
748 3385 860 3431 sanum
876 3387 910 3431 se
926 3385 1002 3432 sano
1017 3368 1108 3432 corde
1124 3366 1225 3432 dicere
1240 3368 1378 3446 auderet,

241 3471 367 3552 quando
394 3471 581 3535 uniuersitas
609 3473 732 3555 generis
760 3471 889 3536 humani
917 3491 978 3537 uno
1006 3473 1158 3554 serpentis
1182 3490 1287 3536 morsu
1310 3491 1379 3556 per·

241 3593 336 3638 cussa
358 3573 552 3658 languebat?
590 3593 654 3639 una
681 3579 728 3640 est
755 3593 828 3659 ergo
856 3595 926 3659 spes
954 3576 1099 3640 sanitatis
1121 3575 1259 3656 infirmo,
1289 3576 1315 3640 si
1346 3595 1379 3640 se

350 3746 377 3815 a]
399 3749 410 3802 r
432 3746 582 3810 consae.
636 3747 818 3816 bosram.
873 3747 900 3817 ι]
922 3751 934 3804 1
955 3747 1105 3812 ocreae.
1154 3747 1378 3816 swnnae.

247 3831 292 3902 rr]
311 3832 387 3886 eom.
408 3837 447 3898 ro,
461 3835 484 3889 a.
541 3833 699 3903 irruatur.
719 3837 743 3896 o,
758 3836 797 3889 13.
851 3834 897 3903 aa]
916 3833 1011 3888 nacon.
1030 3837 1055 3898 o,
1070 3837 1109 3889 12.

286 3991 422 4058 3uequao
441 3991 475 4044 P¹
513 3989 776 4059 ⁴tconprashendere
794 3992 822 4044 P
872 3989 1068 4044 5currebcatis
1087 3991 1115 4044 P
1158 3991 1214 4045 isi
1234 3993 1261 4046 P
1305 3995 1380 4048 8ne·

242 4091 310 4143 quae
329 4075 356 4129 P
401 4077 431 4131 ll
452 4073 588 4146 apestolus
607 4076 634 4130 P
680 4079 711 4132 12
730 4077 848 4131 cohercit
866 4077 893 4132 P
940 4079 972 4132 16
989 4077 1216 4132 hieronimiamP
1263 4083 1294 4134 18
1307 4079 1379 4147 poni-

242 4162 356 4216 tentiam
375 4163 402 4217 P
469 4165 503 4219 20
526 4180 553 4216 se
571 4182 650 4220 omo
720 4163 846 4218 fariseam
865 4164 892 4218 P
960 4163 1071 4233 suscipit
1093 4167 1198 4234 scripsi,
1222 4165 1337 4234 suscepit
1355 4167 1382 4220 P

242 4253 277 4306 22
296 4249 359 4302 noui
377 4250 405 4304 P
420 4251 487 4316 (scil.
508 4267 561 4304 non
579 4251 642 4304 noui
661 4273 691 4295 =
712 4253 824 4320 respuo),
843 4251 903 4304 ueni
922 4253 965 4306 uel
983 4251 1045 4305 ueni
1063 4267 1190 4307 uocareo
1242 4255 1274 4308 24
1293 4252 1326 4305 ad
1344 4253 1379 4318 P,

243 4335 382 4392 etuclde
400 4335 528 4393 roelcbv
588 4339 622 4394 25
641 4337 697 4390 sani
717 4339 744 4392 P
795 4337 911 4394 medicos
931 4339 958 4394 P
1017 4340 1050 4396 27
1069 4338 1108 4412 se]
1128 4338 1194 4396 deo
1255 4341 1290 4396 28
1308 4353 1379 4395 mors

243 4439 323 4493 snper
341 4423 462 4478 cusseP
