3222 5144
593 503 659 558 IIII.
679 503 788 556 Sermo
805 507 917 559 21-22,
1263 505 1326 570 309

185 679 291 742 nobis
316 679 441 743 debita
463 684 607 760 nostra,
632 679 730 743 siout
753 683 789 744 et
812 697 877 744 nos
900 679 1126 744 dimittimus
1151 681 1327 746 debitori-

183 783 252 848 bus
276 783 427 848 nostrie.

226 887 340 952 Adhuc
363 887 452 952 nobis
476 887 653 952 delectabat
675 905 747 952 eum
771 888 901 952 caritate
923 892 1031 952 uestra
1051 889 1089 952 de
1104 887 1197 954 beato
1213 889 1326 973 Ioseph

184 992 301 1074 aliquid
323 991 418 1074 loqui,
442 993 497 1056 sed
512 995 639 1076 propter
654 1010 818 1076 pauperes,
842 993 896 1076 qni
913 993 952 1057 ad
968 1011 1063 1076 opera
1085 1012 1143 1058 sua
1155 978 1326 1075 restruunt,

184 1096 298 1160 melius
322 1099 379 1176 est,
402 1099 437 1160 ut
459 1095 549 1161 uobis
572 1097 603 1160 iu
629 1096 678 1161 die
701 1097 839 1162 crastiua
859 1115 1066 1162 reseruemus.
1107 1101 1138 1163 et
1161 1098 1230 1162 ideo
1253 1116 1327 1163 con·
1366 1125 1379 1163 e

183 1201 267 1265 uersi
295 1200 335 1264 ad
365 1201 529 1265 domiuum
551 1201 799 1266 misericordiam
823 1202 921 1286 ipsius
944 1202 1156 1286 deprecemur,
1187 1205 1223 1266 ut
1245 1203 1328 1267 desi·

183 1305 305 1369 derium
328 1303 475 1369 audiendi
497 1305 629 1370 uerbum
653 1306 714 1387 dei,
742 1307 824 1388 quod
847 1306 880 1370 in
904 1306 994 1372 uobis
1016 1307 1159 1388 placatus
1183 1307 1327 1388 contulit,

183 1413 216 1474 et
245 1427 360 1492 augere
390 1428 514 1493 semper
543 1413 576 1474 et
598 1427 784 1475 conseruare
807 1411 961 1495 dignetur,
993 1411 1046 1493 qui
1077 1429 1149 1474 cum
1179 1414 1268 1494 patre
1296 1414 1327 1476 et

183 1513 295 1598 spiritu
318 1517 427 1579 saneto
449 1512 542 1598 (uiuit
565 1517 597 1579 et
619 1514 746 1600 regnat>
767 1515 800 1578 in
820 1516 945 1580 saecula
965 1515 1170 1580 saeculorum.
1208 1515 1323 1580 Amen.

702 1741 804 1808 uun.
878 1722 881 1728 ’

558 1904 601 1944 Dm
624 1902 743 1945 SANO'I’O
766 1901 881 1944 losum!
904 1903 949 1949 111.

226 2039 275 2104 De
306 2039 396 2104 beato
427 2039 555 2122 Ioseph,
587 2039 669 2121 quod
700 2038 737 2102 de
767 2056 911 2104 sermone
942 2038 1080 2102 hesterni
1111 2039 1172 2103 diei
1203 2041 1325 2105 caritati

182 2147 307 2208 uestrae
330 2143 571 2224 resemauimus‚
602 2161 686 2208 nuuc
708 2143 881 2208 secuudum
904 2146 1042 2208 uestram
1066 2144 1324 2208 consuetudinem

182 2249 298 2313 intenti
320 2267 393 2312 eum
417 2248 540 2313 silentio
564 2251 595 2313 et
615 2248 718 2330 quiete
739 2246 899 2331 suscipite.
937 2247 1048 2312 beatus
1065 2247 1188 2331 Ioseph,
1211 2249 1325 2314 fratres

183 2353 390 2433 dilectissimi,
421 2357 457 2417 ut
486 2371 619 2437 reguum
641 2351 778 2436 Aegypti
809 2351 987 2417 admirabili
1015 2353 1169 2437 sapientia
1191 2357 1324 2437 regeret,
1353 2377 1378 2417 n

183 2457 269 2542 prius
291 2459 358 2542 ipse
382 2477 415 2522 se
438 2457 527 2522 rexit.
566 2476 638 2521 curu
662 2461 746 2522 esset
769 2457 897 2522 decorus
922 2460 953 2521 et
976 2457 1133 2540 speciosus
1154 2457 1233 2521 facie
1256 2459 1326 2541 pul·

183 2563 390 2626 chritudinem
414 2563 522 2626 uultus
546 2563 593 2626 sui
616 2579 679 2627 uon
699 2561 737 2626 od
760 2561 895 2626 alienam
915 2561 1069 2625 deriuauit
1089 2561 1246 2641 iniuriam,
1270 2561 1325 2625 sed

183 2667 222 2730 ad
245 2685 335 2731 suam
358 2666 494 2750 gratiam
517 2666 718 2731 conseruauit
739 2667 798 2730 hoc
820 2685 854 2730 se
876 2665 1087 2749 pulchriorem
1113 2665 1266 2746 iudicans,
1299 2667 1325 2729 si

183 2789 244 2836 non
261 2771 423 2855 dispendio
445 2771 609 2852 eastitatis
633 2771 688 2835 sed
703 2771 789 2835 cultu
804 2769 930 2854 pudoris
947 2769 1114 2853 speciosior
1129 2769 1324 2852 probaretur,

183 2879 214 2940 et
236 2875 326 2940 illum
349 2893 418 2940 esse
440 2895 551 2940 uerum
574 2875 728 2956 decorem,
760 2876 813 2958 qui
836 2893 897 2939 uon
923 2875 1039 2938 alienos
1070 2875 1175 2938 oculos
1199 2877 1325 2958 caperet

183 2999 240 3044 nec
270 2983 393 3044 mentes
424 2980 551 3064 fragiles
582 2981 769 3044 uolneraret.
809 2980 925 3044 crimen
956 2979 1039 3043 enim
1071 2979 1215 3044 dominae
1246 2995 1321 3042 suae
1350 3003 1375 3041 20

182 3083 252 3164 luit,
282 3102 363 3167 quae
387 3085 468 3148 male
492 3085 580 3165 uidit,
611 3101 673 3148 uon
696 3084 780 3148 beati
803 3085 928 3167 Ioseph,
959 3083 1012 3166 qui
1040 3083 1122 3147 male
1145 3083 1244 3147 uideri
1269 3101 1325 3147 no-

183 3189 251 3254 luit.
291 3189 405 3253 necin
429 3206 475 3270 eo,
499 3188 581 3271 quod
602 3189 689 3252 uisus
713 3192 770 3270 est,
794 3189 886 3272 culpa
910 3191 967 3252 est.
1007 3205 1068 3252 uon
1092 3191 1158 3252 eret
1181 3187 1212 3251 in
1236 3191 1325 3269 pote-

183 3297 264 3357 state
299 3293 415 3373 seruili,
450 3297 486 3357 ut
519 3311 580 3358 uon
615 3293 774 3358 uideretur
807 3312 826 3358 a
860 3293 995 3372 domina,
1030 3293 1162 3356 meritus
1197 3291 1324 3356 deberet

183 3415 292 3461 cauere
326 3397 432 3461 oculos
468 3397 579 3461 uxoris.
618 3397 742 3461 discant
772 3400 879 3460 tamen
915 3399 946 3459 et
980 3395 1038 3459 uiri
1073 3413 1182 3459 cauere
1217 3395 1323 3459 oculos

183 3502 386 3566 laminarum:
410 3501 575 3565 adamatur
599 3505 631 3565 et
654 3502 707 3584 qui
730 3501 829 3566 uoluit
851 3501 959 3565 amari.
1000 3499 1131 3584 denique
1159 3499 1322 3564 adamatus
1349 3524 1375 3564 n

227 3763 429 3821 ldemith'mus
448 3764 478 3818 D
538 3767 620 3818 dnos
633 3763 705 3832 Aap.
768 3759 954 3815 dilectabatD
1015 3759 1114 3828 dquid
1127 3760 1157 3814 D
1218 3757 1324 3814 5dieru

181 3850 327 3906 erastinum
345 3851 417 3920 Aug.
487 3848 593 3904 iluiuit
610 3851 638 3903 et
655 3851 751 3917 regnat
768 3865 819 3904 cm.
838 3849 868 3902 D
940 3849 969 3904 11
990 3847 1055 3901 item
1074 3845 1153 3900 tertio
1172 3843 1205 3898 de
1223 3843 1268 3898 edd
1287 3845 1324 3898 io·

180 3938 245 4010 seph
259 3939 289 3993 D
337 3939 370 3992 13
382 3935 578 3990 reserueuimus
590 3937 698 4006 scripsi,
712 3935 879 3989 seruauimus
892 3935 921 3988 D
967 3936 997 3989 15
1011 3932 1110 4002 aegipti
1123 3933 1153 3986 D
1198 3933 1230 3988 16
1241 3933 1325 3987 cerba

181 4042 241 4080 euru
261 4025 391 4094 esset-p.
405 4027 509 4092 310,14
528 4021 709 4092 adprehensus
733 4021 840 4091 aufugit
857 4027 964 4077 exstuat
983 4021 1013 4075 ia
1034 4036 1154 4076 sermone
1170 4019 1324 4089 Augustini

181 4113 263 4168 dubio
281 4112 423 4180 14,2(39‚
436 4111 570 4178 176711.)
634 4113 665 4166 17
685 4109 814 4164 diriuauit
832 4109 861 4164 D
925 4111 957 4164 18
975 4105 1121 4177 speciosior
1141 4107 1171 4162 D
1228 4109 1260 4162 19
1279 4105 1324 4174 qui

181 4201 262 4270 Aop,
280 4213 355 4252 oram
374 4198 404 4253 D
465 4200 499 4253 20
518 4197 637 4266 fragilles
656 4199 686 4252 D
747 4212 853 4250 cremen
871 4196 901 4250 D
964 4196 996 4249 21
1018 4193 1062 4262 qui
1082 4193 1111 4248 D
1176 4191 1276 4262 quimel
1295 4193 1325 4247 D

181 4288 212 4342 22
240 4283 325 4354 quod]
354 4285 399 4353 qni
427 4286 497 4356 Aug.
570 4284 648 4354 culpa
675 4284 727 4354 est]
756 4283 818 4352 quia
844 4283 908 4338 odd.
926 4284 999 4352 Aap.
1070 4283 1104 4336 23
1132 4279 1224 4334 debuit
1252 4281 1323 4350 Aug.

180 4375 212 4428 24
237 4371 315 4427 oculo
337 4373 367 4428 D
436 4375 502 4426 tunc
524 4373 596 4442 Aap.
668 4373 701 4427 25
725 4371 867 4427 adamatur
888 4370 996 4445 scripsi,
1019 4367 1180 4428 adamantur
1202 4367 1238 4435 D,
1262 4382 1323 4424 cum

181 4461 306 4517 mentun
324 4459 395 4532 Aup.
450 4457 546 4517 uolunt
563 4459 635 4532 Acp.
