3264 5134
314 461 357 526 90
775 463 796 518 Ι,
816 464 859 518 111
878 465 986 532 gratia

314 658 348 702 se
370 657 432 710 non
455 639 597 722 ignorare
620 639 792 722 quamlibet
813 639 960 722 profanus
983 641 1119 705 ostendit
1141 641 1185 704 ita
1210 640 1331 704 dicens:
1362 659 1448 704 uere

313 743 403 807 deus
433 748 558 808 uester
588 745 677 809 deus
707 745 856 808 deorum
887 748 943 809 est
965 749 1001 808 ot
1024 745 1191 809 dominus
1214 763 1353 828 regum.
1394 745 1448 809 sed

313 851 345 911 et
367 847 495 911 Darium
526 849 594 930 quis
624 849 668 913 ita
697 849 735 912 de
765 849 821 914 deo
852 850 967 913 sentire
998 853 1029 912 ot
1051 849 1135 931 loqui
1166 849 1278 929 docuit,
1310 849 1370 913 nisi
1399 850 1446 912 uis

313 953 441 1016 rationis
470 956 500 1017 et
522 953 599 1037 legis
622 973 693 1018 oum
717 954 870 1018 Daniele?
904 955 997 1018 deum
1020 953 1221 1018 ooouorsione
1244 954 1392 1037 planari.
1439 1003 1445 1015 .

274 1084 286 1122 5
315 1104 1445 1124 ......................

842 1288 914 1352 XII.

748 1427 805 1510 <na
826 1427 1005 1514 uuurorms).

356 1635 686 1650 .......
731 1586 813 1650 unde
843 1586 912 1666 luit,
945 1586 1027 1668 quod
1058 1585 1150 1649 deum
1178 1605 1249 1649 oum
1272 1584 1444 1650 conditione

312 1691 456 1774 cognouit
477 1691 590 1755 irasci?
629 1710 690 1756 uon
713 1671 796 1755 onim
819 1707 935 1774 magna
956 1691 1011 1755 illa
1033 1691 1143 1755 ciuitas
1159 1691 1254 1754 lonae
1274 1690 1444 1754 eruditione

261 1817 285 1854 10
310 1795 453 1878 resipiuit
475 1815 532 1859 neo
555 1797 620 1860 eius
644 1796 769 1860 monitis
792 1795 988 1860 intellectum
1010 1795 1161 1877 petendae
1188 1795 1299 1858 salutis
1328 1795 1446 1876 aoaepit

311 1919 369 1964 neo
392 1901 494 1964 doouit
515 1901 664 1983 populum
687 1900 849 1983 propheta,
880 1899 935 1964 sed
964 1901 1084 1980 terruit,
1115 1917 1172 1963 neo
1201 1898 1444 1963 misericordiam

310 2005 461 2086 promisit,
485 2005 539 2068 sed
562 2003 782 2069 inmutabilem
805 2005 994 2069 sententiam
1010 2004 1177 2084 nuntiauit,
1201 2006 1353 2067 ettamen
1369 2003 1445 2067 urbs

311 2110 374 2190 illa,
406 2110 485 2174 siout
515 2111 665 2192 seriptum
697 2113 754 2190 est,
785 2113 915 2174 oontra
945 2129 1046 2194 spem
1076 2110 1113 2174 11
1143 2127 1244 2191 spem
1275 2108 1445 2174 eredidit.

311 2217 404 2296 atque
433 2215 502 2296 ipsa
531 2214 659 2278 sibimet
687 2214 824 2278 remedia
853 2214 1080 2296 quodammodo
1110 2207 1273 2278 interdicta
1302 2213 1447 2296 promisit

259 2343 284 2380 15
311 2319 448 2383 multum
470 2319 623 2400 placitura
646 2319 711 2399 deo,
736 2319 859 2383 etiamsi
881 2319 1035 2402 promissa
1058 2309 1237 2401 quaesisset.

354 2423 439 2504 Quae
459 2423 584 2505 quidem
599 2424 738 2488 remedia
752 2423 821 2487 ideo
837 2423 994 2487 interdum
1017 2441 1036 2487 a
1058 2423 1183 2487 domino
1199 2423 1446 2506 supprimuntur,

311 2531 346 2593 ut
361 2529 525 2592 uiolentius
542 2528 698 2610 adquisita
714 2532 885 2592 seruentur.
918 2527 1072 2609 simulque
1087 2528 1270 2610 interposita
1285 2526 1446 2591 obtinendi

310 2633 494 2698 difficultate
517 2633 592 2697 dum
615 2631 830 2696 munificentia
852 2631 1061 2712 absconditur,
1084 2631 1160 2695 fides
1177 2630 1336 2714 probatur,
1360 2650 1447 2695 erer-

310 2741 397 2802 oetur
420 2737 568 2818 ambitus,
592 2737 811 2802 manifestatur
834 2736 975 2816 affectus,
998 2740 1161 2818 totumque
1183 2735 1243 2800 hoo
1264 2736 1296 2798 in
1318 2735 1446 2799 homine-

258 2865 283 2904 1ο
309 2843 389 2926 ignis
413 2843 541 2906 interior
565 2861 583 2906 a
605 2843 662 2906 deo
685 2843 798 2906 insitus
822 2845 854 2905 et
876 2840 915 2905 ab
946 2841 1071 2905 homine
1099 2859 1170 2904 oum
1193 2840 1242 2904 dei
1264 2840 1366 2922 gratia
1388 2859 1447 2903 nu-

309 2949 399 3011 tritus
423 2951 576 3030 operatur.
615 2947 752 3011 ostendit
773 2946 878 3028 itaque
900 2965 978 3030 gens
1001 2946 1054 3010 illa
1078 2964 1124 3025 ea,
1155 2963 1235 3026 quae
1265 2944 1359 3008 saluti
1389 2945 1448 3008 ho-

309 3052 401 3115 minis
425 3055 605 3135 conpetunt,
628 3053 696 3133 ipsa
719 3050 910 3114 ordinatione
924 3050 1062 3114 facturae
1079 3051 1172 3114 deum
1188 3050 1270 3114 intra
1284 3049 1445 3112 hominem

309 3156 486 3220 oonlooasse
509 3159 540 3219 et
562 3158 635 3219 ante
658 3173 789 3219 munera
810 3155 1015 3237 redemptoris
1031 3155 1112 3218 oiroa
1126 3151 1343 3218 rationabilem
1359 3171 1448 3216 orea-

308 3265 411 3324 turam
432 3279 555 3343 semper
570 3260 703 3323 auctoris
720 3260 800 3323 dona
815 3259 954 3343 uiguisse
971 3277 989 3322 a
1003 3258 1162 3323 oonditore
1178 3257 1303 3339 quidem
1320 3275 1447 3321 summo

257 3389 282 3428 11
308 3364 459 3446 praestita
496 3381 551 3446 per
585 3367 745 3444 naturam,
787 3363 841 3428 sed
875 3362 1087 3432 oonfirmanda
1120 3381 1176 3445 per
1205 3361 1348 3444 gratiam.
1390 3379 1449 3442 per

308 3469 453 3552 gratiam,
482 3469 621 3550 inquam,
651 3469 683 3532 in
714 3468 801 3532 ouius
833 3473 973 3552 tempore
1002 3467 1237 3550 praeteritorum
1266 3465 1351 3529 salus
1380 3469 1450 3530 erat

308 3573 554 3656 consummanda
583 3573 793 3653 saeculorum,
829 3573 901 3654 quia
934 3571 1012 3636 111111
1044 3571 1082 3635 ad
1111 3569 1284 3652 perfeetum
1316 3569 1448 3634 adduxit

412 3746 439 3816 1]
458 3746 526 3800 Dan.
540 3748 565 3810 2,
578 3748 620 3802 47.
677 3744 721 3814 13]
740 3744 817 3798 Rom
830 3747 855 3810 4,
870 3747 910 3800 18.

351 3905 367 3958 3
389 3905 417 3956 et
438 3901 511 3971 loqui
532 3903 639 3972 scripsi,
661 3899 764 3969 adloqui
783 3901 817 3968 P,
841 3903 868 3954 et
885 3899 1007 3968 eloquio
1075 3897 1220 3954 4111111111
1238 3900 1345 3968 soripei,
1369 3899 1450 3954 dani-

286 3989 393 4043 Ὶ1111111
408 3991 442 4058 P,
459 3988 588 4044 Daniolv
641 3986 823 4055 conuersione]
842 4003 917 4055 posse
935 3987 1033 4042 addo
1085 3985 1197 4056 placari]
1216 3985 1322 4038 edocuit
1339 3986 1404 4040 add.
1419 4005 1451 4055 v,·

307 4079 433 4132 lamnam
451 4076 622 4132 statuendam
640 4092 694 4130 asso
712 4075 793 4132 1111111
811 4075 842 4128 in
860 4075 929 4130 libro
952 4072 1078 4128 ‘Studien
1098 4075 1164 4128 aber
1181 4071 1225 4127 die
1244 4073 1381 4141 Seliristen
1400 4075 1450 4130 das

308 4161 446 4232 Faustao‘,
460 4181 490 4232 p.
504 4167 539 4217 13
595 4165 771 4217 bannientem
788 4159 841 4214 XII
860 4167 885 4215 et
902 4162 985 4215 aerbo
1004 4160 1035 4213 de
1054 4159 1180 4213 neniuitis
1198 4159 1297 4214 addidi
1318 4177 1352 4215 aa
1368 4165 1450 4230 eopi-

308 4253 426 4307 eororam
444 4250 541 4316 indice,
560 4268 610 4306 om.
624 4251 652 4304 P
715 4253 747 4304 10
766 4248 911 4316 resipuito
976 4249 1008 4304 14
1027 4246 1128 4314 adquae
1146 4247 1175 4301 P
1234 4249 1266 4302 15
1284 4245 1404 4314 promise
1424 4251 1453 4303 P

309 4341 340 4392 17
359 4335 506 4405 simulquao
525 4337 552 4390 P
612 4339 645 4391 19
668 4339 824 4402 totumquae
847 4335 875 4388 P
943 4337 973 4390 21
998 4333 1103 4401 itaquae
1123 4335 1150 4387 P
1218 4335 1251 4388 23
1270 4331 1402 4386 oolooasse
1423 4337 1454 4390 P

308 4421 521 4478 rurationnbilem
540 4424 567 4477 P
617 4423 651 4478 25
669 4421 799 4490 praescita
817 4439 833 4476 1
