3244 5130
701 469 799 523 Liber
817 470 846 526 11
863 473 887 525 4.
1299 473 1360 536 143

224 647 377 709 sauctus
390 648 426 710 et
438 646 690 728 loquebantur
705 647 845 731 linguis
862 651 898 711 et
912 647 1199 730 prophetabant.
1224 649 1361 730 aduerte,

225 748 306 831 qnia,
326 767 398 814 cnm
413 749 612 834 baptizantur
628 751 660 815 in
676 752 803 816 nomine
818 751 901 833 Iesu,
924 755 1033 836 postea
1048 753 1204 836 accipiunt
1219 753 1362 836 spiritum

224 856 368 918 sanctum
385 857 416 920 et
430 855 644 938 propheticam
660 875 696 920 ex
712 855 861 938 paracleti
876 855 1072 920 inuocatione
1092 857 1250 921 uirtutem.
1288 875 1361 920 uere

224 956 298 1022 deus
323 963 380 1041 est,
408 960 460 1042 qui
482 963 555 1043 post
578 959 626 1024 dei
650 959 765 1025 donum
788 960 974 1044 plenitudini
996 961 1117 1042 inponit
1146 963 1360 1046 augmentum.

266 1063 346 1128 Ecce
378 1063 499 1128 duabus
530 1065 671 1148 personis
701 1064 734 1129 in
765 1063 922 1148 baptismo
953 1064 1135 1149 significatis
1162 1069 1251 1148 pater
1273 1065 1362 1129 inuo-
1401 1093 1414 1132 s

223 1171 311 1233 catus
335 1187 404 1233 esse
427 1187 489 1234 non
512 1169 637 1253 legitur,
665 1169 720 1233 sed
743 1172 860 1250 tamen,
887 1172 923 1234 ut
945 1169 1028 1234 credi
1050 1173 1180 1253 oportet,
1203 1189 1274 1235 oum
1298 1169 1361 1234 filio

223 1277 254 1337 et
281 1273 393 1356 spiritu
421 1277 529 1338 sancto
552 1274 672 1338 unitate
694 1274 859 1357 potestatis
883 1277 914 1338 et
937 1274 1059 1339 deitatis
1082 1277 1237 1358 operatur,
1267 1293 1361 1357 quem

223 1377 359 1442 adfuisse
390 1395 480 1442 sacra
509 1378 600 1443 lectio
627 1378 735 1459 tacuit,
766 1395 828 1442 non
852 1379 986 1462 negauit.
1033 1397 1105 1443 cum
1128 1380 1266 1444 uenisset
1288 1397 1361 1464 ergo

222 1482 348 1564 spiritus
379 1486 507 1548 sanctus
538 1501 631 1566 super
662 1501 724 1565 eos,
756 1487 830 1547 tunc
860 1484 1068 1566 loquebantur
1097 1485 1213 1568 linguis
1237 1487 1268 1548 et
1289 1501 1361 1568 pro·

222 1585 403 1668 phetabaut.
449 1587 531 1668 uide,
563 1590 698 1670 quantae
720 1587 878 1670 potentiae
909 1589 950 1652 sit
979 1588 1107 1671 spiritus
1139 1591 1275 1652 sanctus.
1327 1589 1359 1651 in
1388 1617 1413 1654 ιο

223 1690 379 1774 baptismo
407 1696 606 1776 peccatorum
630 1691 804 1757 abremissa
820 1692 989 1774 donantur,
1019 1694 1051 1756 in
1075 1693 1213 1757 aduentu
1235 1693 1360 1776 spiritus

223 1796 321 1860 suncti
344 1797 498 1862 rrirtutum
522 1815 653 1862 munera
675 1797 876 1861 conferuntur
899 1801 931 1862 et
949 1815 968 1861 a
983 1796 1174 1862 confirmatis
1198 1797 1359 1882 signorum

222 1900 373 1965 miracula
403 1899 608 1966 celebrantur.
655 1901 758 1966 solent
789 1905 895 1966 autem
922 1902 1062 1966 ueritatis
1086 1903 1181 1966 alieni
1204 1903 1300 1967 etiam
1322 1903 1360 1966 de

223 2002 349 2086 syllabis
380 2005 571 2070 calumniari.
626 2023 701 2070 nam
731 2023 803 2070 oum
833 2005 870 2069 de
898 2006 1037 2070 trinitate
1068 2006 1186 2071 dictum
1217 2007 1359 2072 absolute

222 2109 414 2174 nouerimus:
449 2109 622 2192 quoniam
653 2128 693 2172 er
722 2110 803 2193 ipso
834 2112 870 2174 et
898 2129 961 2194 per
991 2109 1112 2194 ipsum
1147 2115 1182 2176 et
1211 2111 1247 2174 in
1278 2111 1359 2194 ipso
1386 2137 1411 2177 15
1475 2135 1479 2147 ·

222 2217 308 2277 sunt
337 2213 474 2296 omnia,
508 2214 579 2297 plns
616 2233 684 2278 esse
715 2233 751 2278 ex
781 2214 848 2297 ipso
879 2232 974 2296 quam
1003 2233 1059 2297 per
1088 2216 1190 2298 ipsum
1222 2219 1253 2280 et
1283 2217 1359 2280 item

222 2317 481 2401 praepositionem
504 2317 596 2399 hanc,
619 2318 650 2382 id
674 2321 721 2383 est
742 2337 798 2402 per
822 2319 946 2383 maioris
969 2320 1201 2404 praerogatiuae
1225 2339 1293 2384 esse
1309 2337 1359 2384 as-

224 2425 331 2486 serunt
358 2439 453 2505 quam
476 2422 509 2486 in
532 2423 645 2506 ipsum.
691 2423 746 2486 sed
769 2423 796 2487 si
818 2423 850 2486 in
873 2423 940 2506 ipso
963 2423 1001 2487 de
1024 2425 1134 2508 spiritu
1157 2428 1264 2489 sancto
1287 2443 1359 2488 cum

222 2525 427 2592 diminutione
459 2528 625 2610 potestatis
658 2527 776 2592 dictum
807 2519 1009 2609 arbitrantur,
1044 2529 1173 2593 audiant
1201 2529 1359 2613 praeposi-

220 2629 311 2696 tionis
335 2630 428 2695 huius
451 2631 717 2716 magnificentiam
741 2635 773 2696 et
795 2632 958 2714 accipiant,
982 2633 1053 2714 quia
1076 2633 1170 2698 etiarn
1187 2633 1357 2698 secundum
1384 2659 1411 2698 20

220 2735 357 2818 ipsorum
389 2737 592 2800 assertionem
623 2737 661 2800 de
688 2737 798 2818 spiritu
822 2740 929 2802 sancto
951 2737 1195 2822 intellegendum
1219 2742 1276 2803 est.
1321 2740 1356 2802 in

219 2839 314 2922 ipso,
346 2840 455 2922 inquit,
486 2840 648 2904 uiuimus
680 2845 716 2904 et
743 2859 931 2905 mouemur
954 2845 990 2905 et
1012 2860 1147 2907 sumus.
1194 2845 1225 2907 et
1247 2843 1357 2907 merito

219 2943 250 3008 in
273 2943 342 3028 ipso
365 2943 501 3009 uiuimus
525 2947 557 3009 et
580 2961 743 3009 monemur
766 2949 797 3008 et
820 2963 939 3026 sumus,
962 2945 995 3009 in
1018 2965 1078 3028 quo
1101 2947 1236 3030 reparati
1259 2965 1295 3011 ac
1309 2967 1357 3011 re-

219 3049 358 3132 generati
382 3067 500 3113 sumus.
536 3049 590 3114 sed
613 3053 645 3113 et
666 3069 721 3132 per
743 3049 848 3133 ipsum
871 3050 967 3114 etiam
991 3050 1029 3114 ad
1052 3051 1196 3134 spiritum
1212 3055 1356 3116 sanctum

219 3153 419 3225 referendum
442 3173 510 3219 esse
533 3155 759 3239 cognoscimus,
788 3155 867 3219 sicut
889 3153 1002 3218 habes:
1034 3156 1100 3220 alii
1122 3156 1269 3238 quidem
1293 3177 1357 3240 per
1382 3183 1408 3222 ss

219 3258 393 3342 spiritum
415 3258 523 3323 datur
543 3277 662 3324 sermo
686 3259 910 3342 sapientiae,
935 3260 1000 3324 alii
1023 3278 1143 3325 sermo
1160 3261 1356 3342 scientiae,

219 3361 293 3426 item
333 3363 372 3427 ad
406 3363 583 3429 Hebraeos:
621 3365 683 3447 qui
719 3384 783 3448 per
820 3365 993 3448 spiritum
1030 3369 1200 3430 sanctum
1238 3371 1356 3431 semet

324 3569 558 3640 151R0m.11,36.
599 3571 715 3642 amco.
728 3575 818 3636 17,28.
859 3571 1000 3642 251100r.
1014 3575 1088 3636 las.
1127 3573 1174 3644 27]
1187 3573 1267 3628 Hebr.
1278 3578 1303 3640 9,
1314 3577 1354 3631 14.

264 3761 344 3832 iqui
363 3764 391 3817 P
440 3729 592 3834 baptizantur
605 3763 632 3818 P
647 3765 761 3832 (nmuo.
774 3766 833 3834 alt.)
885 3765 1003 3836 nomine]
1017 3765 1118 3820 domini
1130 3767 1223 3822 addo
1274 3769 1355 3836 3pa·

221 3875 314 3945 raelyti
332 3877 360 3930 P
419 3876 520 3931 uirtute
541 3877 569 3932 P
627 3875 704 3932 luet
723 3895 773 3934 om.
790 3879 817 3934 V
877 3877 991 3948 imponit
1014 3879 1041 3932 P
1109 3845 1263 3948 angmentum
1283 3881 1354 3948 P(n

218 3981 289 4018 moa.
311 3965 379 4033 alt),
407 3967 634 4034 argumeutnmv
708 3967 854 4020 utentum
876 3967 904 4020 P
976 3967 1121 4026 Salluisee
1145 3969 1178 4036 P,
1200 3966 1354 4024 abfuissec

218 4051 302 4105 tacuit
324 4067 374 4107 om.
395 4050 422 4105 P
490 4067 552 4120 ergo
571 4069 621 4109 om.
641 4051 668 4106 P
736 4051 963 4121 9loquaebantur
985 4054 1011 4108 V
1079 4057 1111 4110 10
1129 4057 1242 4122 quantae
1260 4058 1353 4124 poten-

218 4135 680 4208 tieeV2,quantap0tenciaV1P
747 4138 831 4193 musti
850 4140 877 4193 P
946 4142 978 4195 13
1001 4139 1180 4210 celebrantur]
1202 4143 1252 4198 boe
1272 4143 1353 4196 uerbo

218 4221 316 4279 decimi
332 4225 469 4281 Vacuus
486 4243 557 4280 maa
571 4227 633 4280 alt:
654 4224 700 4278 dei
717 4224 813 4296 pplura
870 4227 971 4296 auum]
994 4228 1099 4284 enimc
1155 4227 1356 4284 residetur>

218 4311 359 4415 laipsov
428 4314 462 4368 22
480 4315 508 4366 et
521 4320 585 4383 poet
603 4313 719 4368 uiuimus
736 4332 787 4370 oro.
805 4332 822 4370 o
838 4321 950 4384 utroque
968 4315 1025 4371 loeo
1083 4317 1117 4370 23
1136 4315 1177 4384 ac]
1196 4317 1257 4370 eto
1313 4331 1352 4368 re-

217 4425 300 4492 gerati
320 4425 347 4480 R
400 4425 435 4480 25
453 4426 622 4494 agnoscimus
640 4445 656 4482 o
