3244 5130
631 529 728 584 Liber
746 531 759 583 Ι
777 534 854 588 8-9,
1253 532 1314 596 115

171 704 273 768 caelo
296 704 399 768 facta
422 707 493 769 est:
525 709 564 769 tu
587 725 624 769 es
649 705 753 770 silius
781 725 884 770 meus
908 706 1084 788 dilectus,
1115 707 1150 770 in
1174 711 1209 771 te
1233 724 1314 771 con-

170 808 304 890 placui.
344 806 426 872 filius
450 826 523 892 ergo
547 810 738 893 incorpore,
770 811 897 893 spiritus
928 814 1054 874 sanctus
1082 811 1114 875 in
1138 811 1239 894 specie
1264 829 1314 876 co-

170 911 306 993 lumbae,
337 916 427 996 pater
458 913 632 977 declaratur
667 916 698 978 in
722 931 807 978 uoce.
855 914 910 978 sed
933 913 992 978 hoc
1014 915 1081 978 loco
1103 915 1314 998 intellegenda

173 1019 220 1081 est
235 1017 268 1081 in
284 1017 430 1082 columba
446 1018 566 1101 species
582 1019 806 1102 pertransiens,
827 1037 889 1082 non
905 1018 1084 1083 substantia
1098 1035 1311 1102 perseuerare.

689 1261 792 1326 Vim.
1352 1289 1365 1328 c

175 1405 235 1463 N0⁵N
265 1421 384 1464 OBESSE
414 1421 524 1464 SANOTI
551 1423 691 1465 summus
713 1423 855 1482 omnam,
887 1424 972 1472 QUOD
995 1423 1055 1465 NEC
1078 1423 1244 1466 rnomnluus
1267 1424 1314 1466 Ul·

504 1511 632 1552 DEATUR
655 1509 730 1552 ESSE
753 1510 813 1552 NEC
837 1510 980 1553 GENITUS.

215 1642 275 1710 Sed
306 1643 386 1707 inter
416 1643 493 1707 haec
523 1663 594 1708 cum
619 1645 746 1727 spiritus
765 1645 869 1732 'sancti
891 1662 1057 1728 personam
1080 1645 1236 1729 propriam
1261 1647 1313 1710 de-

173 1751 384 1813 monstremus
406 1753 436 1812 et
458 1752 581 1830 patrem
604 1749 808 1813 confiteamur
832 1750 1018 1833 ingenitum,
1042 1748 1142 1814 filium
1166 1767 1239 1814 uero
1263 1767 1313 1814 co-

172 1870 360 1936 gnoscamus
386 1853 593 1936 unigenitum,
624 1855 747 1936 quaeris
771 1872 789 1918 a
812 1871 873 1935 me,
905 1857 1010 1917 utrum
1034 1854 1163 1937 spiritus
1186 1858 1314 1918 sauctus
1341 1879 1366 1918 ιο

175 1957 331 2042 ingenitus
356 1975 395 2021 an
418 1958 544 2041 genitus
568 1976 607 2022 an
631 1958 705 2040 quid
729 1959 813 2022 aliud
836 1958 1029 2022 confitendus
1053 1959 1104 2022 sit.
1143 1959 1314 2042 scripturae

172 2065 300 2126 sanctae
324 2061 361 2124 de
384 2063 523 2144 potentia
546 2065 577 2126 et
600 2063 714 2127 deitate
738 2063 868 2146 spiritus
891 2063 992 2127 sancti
1007 2063 1184 2144 loquuntur,
1209 2067 1313 2128 utrum

172 2184 246 2230 uero
269 2167 395 2250 genitus
423 2166 484 2230 dici
514 2165 628 2231 debeat
658 2185 698 2231 an
722 2167 890 2252 ingenitus,
922 2185 983 2231 non
1007 2167 1186 2248 loquuntur.
1233 2167 1313 2248 uide,

172 2288 249 2352 quas
280 2268 341 2334 eibi
364 2271 510 2336 tenebrae
533 2270 700 2336 infidelitas
723 2271 807 2336 facit.
854 2289 915 2336 non
938 2273 987 2336 uis
1011 2272 1100 2352 scire,
1132 2272 1214 2354 quod
1237 2272 1313 2335 deus

173 2375 271 2439 uoluit
293 2375 439 2458 ignorari,
463 2379 494 2440 et
509 2375 557 2440 uie
578 2376 668 2457 seire,
692 2377 774 2458 quod
798 2395 860 2441 non
882 2377 973 2440 iussit
995 2377 1116 2458 inquiri.
1153 2393 1215 2440 non
1238 2377 1314 2440 dixit
1342 2401 1365 2440 rs

172 2481 325 2564 genitum,
357 2501 395 2544 ne
425 2480 524 2544 filium
547 2483 698 2566 credereS,
729 2499 792 2545 nou
816 2483 890 2546 dixit
912 2481 1099 2565 ingenitum,
1131 2499 1169 2544 ue
1192 2483 1313 2564 patrem

172 2589 309 2667 putatae,
334 2585 388 2648 sed
411 2585 450 2648 ad
474 2587 628 2650 esseutiae
651 2585 884 2650 distinctionem
903 2586 1070 2668 procedere
1086 2604 1159 2649 eum
1175 2605 1210 2648 ex
1226 2589 1313 2668 patre

173 2691 304 2753 testatus
328 2693 386 2768 est,
410 2691 490 2753 sieut
512 2690 661 2773 legimus:
693 2691 922 2773 paracletus,
954 2691 1015 2773 qui
1043 2709 1083 2753 ex
1105 2693 1212 2772 patre
1234 2707 1314 2772 pro-

172 2793 279 2856 cedit.
317 2811 395 2875 quae
419 2811 491 2858 cunr
515 2795 587 2875 siut,
610 2796 661 2858 uel
685 2797 730 2860 sic
753 2813 886 2880 agnosce
910 2797 1054 2879 spiritum
1079 2799 1223 2859 sanctum
1242 2813 1314 2877 pro-

172 2899 271 2980 priam
302 2897 417 2962 habere
446 2917 622 2980 personam.
676 2905 799 2983 praeter
828 2901 905 2965 duos
936 2920 1004 2963 esse
1039 2899 1167 2964 tertium
1201 2899 1313 2982 probet
1340 2921 1366 2960 »ο

172 3002 339 3066 diuersitas
372 3003 519 3084 nomime,
550 3004 769 3086 procedentem
800 3024 836 3068 er
867 3005 923 3069 deo
952 3023 1013 3069 non
1042 3023 1110 3068 esee
1133 3003 1239 3068 ordine
1263 3001 1313 3067 uel

172 3107 270 3190 gradu
302 3107 430 3172 tertium
460 3111 615 3172 monstrat
644 3109 749 3174 unitas
781 3109 960 3173 maiestatis
1009 3110 1060 3191 qui
1092 3109 1175 3172 enim
1207 3107 1244 3170 de
1266 3107 1314 3170 in-

173 3209 339 3275 terioribus
367 3211 416 3275 dei
438 3213 643 3297 progreditur,
676 3231 736 3278 non
760 3214 809 3277 dei
832 3217 983 3294 creatura,
1016 3213 1070 3277 sed
1093 3213 1142 3276 dei
1164 3211 1314 3294 probatur

173 3333 241 3378 esse
265 3314 452 3380 substantie.
499 3335 561 3382 nou
585 3319 743 3398 scruteris,
772 3318 905 3400 qualiter
928 3317 1005 3381 deus
1029 3317 1080 3398 sit,
1104 3335 1197 3399 quern
1221 3316 1312 3380 deum

172 3437 240 3484 esee
271 3421 474 3485 manifestum
505 3425 563 3486 est.
608 3422 760 3486 hieratio
784 3423 872 3503 latet,
903 3423 1019 3486 ueritas
1042 3438 1104 3484 nou
1127 3421 1213 3484 latet.
1260 3437 1314 3483 cur
1340 3445 1366 3484 es

173 3521 357 3608 interroges,
388 3525 542 3607 quomodo
573 3526 616 3590 sit
647 3526 750 3591 socius
781 3529 812 3590 et
835 3526 974 3608 aequalis
997 3526 1089 3610 regie,
1121 3543 1213 3606 quern
1236 3523 1313 3607 regii

174 3647 240 3693 esse
272 3632 396 3693 constat
426 3635 457 3694 et
488 3629 614 3695 honoris
646 3635 677 3694 et
707 3630 840 3715 generis.
887 3649 923 3694 ex
949 3628 1105 3712 superfluo
1128 3629 1165 3693 de
1188 3629 1313 3692 nomine

173 3733 275 3816 agitur
308 3733 478 3816 inquisitio,
509 3733 563 3799 ubi
595 3753 656 3800 nou
685 3739 733 3800 cst
755 3736 793 3799 de
817 3734 1009 3798 sublimitate
1033 3733 1195 3798 dubitatio.
1241 3751 1313 3816 ergo

279 3871 324 3940 18]
343 3871 435 3926 Ioaun.
451 3875 491 3936 15,
504 3875 545 3928 26.

217 3993 440 4064 loomplacuiP
492 3994 667 4050 6deitateV
717 3995 813 4063 quiav
866 3995 1001 4064 genitusc
1054 3991 1315 4048 nesseuideaturP

172 4083 342 4150 ingenituso
403 4081 512 4150 Shaec]
532 4083 620 4137 estV
682 4085 713 4138 12
731 4082 855 4136 locuntur
878 4082 1030 4152 Vctroqur
1048 4081 1105 4136 ioco
1169 4081 1201 4135 14
1219 4079 1312 4132 infide-

172 4167 233 4224 litas
259 4169 367 4238 scripsi,
396 4167 562 4222 infidelitatis
590 4169 654 4224 dibri
724 4170 786 4237 quia
813 4171 840 4224 P
865 4176 977 4238 utroque
1000 4169 1057 4224 loco
1128 4165 1194 4220 deus
1218 4185 1268 4222 ona
1288 4168 1315 4221 P

174 4259 204 4312 15
223 4255 288 4310 dicit
308 4254 336 4309 P
397 4257 430 4312 18
449 4255 586 4324 paraditus
606 4255 633 4310 P
694 4257 726 4311 19
745 4257 817 4326 curn]
837 4255 875 4309 ita
893 4256 999 4309 oddP
1061 4254 1268 4358 22umcgestatis
1287 4254 1315 4308 P

173 4371 205 4424 26
228 4369 312 4422 sotius
335 4369 363 4424 P
422 4371 456 4424 27
480 4371 586 4422 constat
603 4385 659 4422 esso
678 4369 705 4423 P
767 4372 795 4423 et
812 4387 892 4426 orno
941 4367 1311 4456 Ι281ιιᾳιιῑειῑοΡωιηαη.

173 4483 233 4550 alt.)
285 4450 415 4536 ossbitstio
439 4483 463 4536 V
479 4483 508 4548 (u
526 4499 598 4537 mon.
612 4483 680 4550 od),
699 4481 820 4536 dubitare
838 4499 854 4536 o
1143 4567 1156 4594 ι

1125 4569 1141 4618 8
