3264 5134
657 491 783 547 Liberi
804 495 843 548 18.
1274 489 1314 556 57

180 668 322 733 dicens:
347 687 416 734 nou
435 670 653 752 relinquent
667 670 704 733 iu
719 672 755 732 te
770 668 933 750 lapidem
949 687 1059 751 super
1074 667 1237 751 lapidem
1261 685 1315 748 eo,
1345 677 1347 682 '

180 772 275 855 quod
299 791 369 838 non
392 773 614 856 cognoueris
637 777 784 855 tempus
807 771 1041 837 uisitationis
1065 776 1159 836 tuae.

221 877 284 942 Hic
311 877 543 961 constringendi
571 880 645 941 suut
672 876 830 941 haeretici.
869 877 896 941 si
924 876 1066 940 dominus
1093 876 1237 959 perituris
1266 893 1316 940 sa-

177 981 255 1046 lutis
278 981 498 1046 intercluserat
520 981 650 1062 aditum,
674 998 747 1065 crgo
769 981 849 1045 falso
871 981 1003 1046 istorum
1027 979 1154 1045 defleuit
1176 980 1314 1045 exitium.

179 1086 206 1150 si
228 1089 335 1150 autem
359 1104 465 1151 corum
488 1087 695 1170 perditionem
718 1103 802 1166 uero,
825 1089 861 1150 ut
876 1085 1080 1150 manifestum
1096 1089 1152 1165 est,
1176 1103 1315 1150 maerore
1353 1112 1366 1152 3

178 1189 343 1274 perdoluit,
365 1207 427 1255 non
450 1191 644 1255 uoluntatem
668 1208 758 1255 suam
780 1190 909 1270 homini,
933 1190 987 1254 sed
1006 1207 1193 1254 consensum
1216 1189 1316 1254 homi-

178 1295 227 1358 nis
257 1295 413 1360 noluutati
443 1312 518 1359 suaa
548 1294 685 1359 doluisse
714 1295 911 1360 monstrauit.
955 1294 1029 1376 quid
1059 1293 1173 1358 mirum
1203 1295 1230 1358 si
1259 1312 1314 1376 pro

178 1399 279 1464 salute
309 1398 443 1462 hominis
473 1399 617 1464 lacrimas
649 1399 753 1463 fundit
786 1415 857 1463 mox
890 1398 1076 1482 sauguinem
1109 1397 1314 1482 profusurus?

177 1504 253 1566 item
284 1503 317 1567 in
340 1502 516 1568 Mattiaco:
547 1503 797 1584 Hierusalem,
828 1520 920 1584 quae
951 1503 1090 1567 occidis
1113 1503 1314 1586 prophetas

178 1609 216 1670 et
242 1606 388 1690 lapidas
420 1625 495 1688 eos,
526 1608 588 1690 qui
619 1607 662 1672 ad
688 1611 724 1672 te
752 1607 857 1672 missi
885 1611 987 1688 aunt,
1014 1607 1187 1689 quotiens
1214 1608 1315 1672 uolui
1342 1633 1366 1672 ro

177 1728 406 1795 congregare
428 1712 532 1776 lilios
555 1715 653 1793 1333,
677 1713 775 1776 31331
795 1713 939 1796 gallina
968 1715 1171 1796 congregat
1192 1712 1314 1796 pullos

177 1833 263 1880 euos
287 1813 354 1879 sub
379 1816 457 1880 3133
481 1834 581 1897 3333,
605 1820 642 1880 31
664 1817 844 1880 noluisti?
882 1817 958 1880 duas
981 1834 1031 1880 res
1053 1816 1104 1880 hic
1127 1816 1192 1900 agit
1212 1834 1314 1881 sermo

177 1919 313 1984 diuinus.
351 1938 426 1984 uam
456 1921 532 1984 dum
560 1921 650 1985 dicit:
681 1921 853 2004 quotiens
883 1921 985 1987 uolui
1014 1924 1050 1985 et
1079 1920 1250 2001 noluisti,
1281 1921 1314 1986 iu

176 2024 232 2089 deo
254 2024 407 2108 propositi
428 2024 564 2105 bonitas,
586 2026 619 2089 in
641 2025 768 2090 homine
792 2024 913 2090 arbitrii
936 2029 985 2090 est
1008 2043 1154 2109 expressa
1174 2024 1312 2090 libertas.

176 2128 307 2194 diceudo
330 2133 451 2193 auum:
482 2129 735 2211 Hierusalem,
766 2147 856 2212 quae
886 2130 1024 2194 occidis
1053 2129 1254 2214 prophetas
1277 2134 1314 2195 et
1340 2157 1366 2198 rr

176 2233 325 2316 lapidas
349 2249 424 2314 eos,
447 2234 510 2316 qui
533 2233 575 2298 ad
597 2239 633 2298 13
655 2234 763 2298 missi
787 2238 887 2315 sunt,
911 2235 1032 2299 saluare
1056 2253 1089 2298 se
1110 2252 1161 2299 eos
1177 2235 1314 2299 uoluisse

176 2337 368 2420 pronuntiat,
395 2355 466 2402 cum
494 2337 654 2402 euidenter
680 2339 817 2422 proferat
843 2356 963 2420 causas,
991 2358 1046 2422 per
1073 2356 1150 2422 quas
1178 2339 1313 2404 salutern

177 2441 221 2505 eis
244 2459 360 2525 negare
383 2439 532 2506 debuerit.
566 2443 625 2507 hoo
647 2443 714 2507 loco
734 2443 849 2526 duplici
867 2463 981 2527 genero
1001 2444 1033 2507 in
1054 2461 1143 2507 seruo
1163 2443 1312 2525 iniquitas

176 2549 321 2610 cruentae
337 2547 452 2610 mentis
468 2547 650 2627 ostenditur,
673 2548 705 2612 in
721 2547 845 2612 domino
861 2547 1055 2632 indulgentia
1070 2547 1312 2632 benignissimae

176 2649 348 2714 uoluntatis
379 2651 524 2732 aperitur.
563 2651 590 2715 si
621 2651 697 2717 deus
727 2651 826 2735 perire
857 2652 926 2716 3311
956 2651 1125 2733 hominem,
1158 2651 1312 2734 quomodo
1338 2679 1365 2720 ro

177 2753 252 2818 dicit
267 2754 362 2818 etiam
377 2755 530 2837 propheta
544 2755 719 2820 Michaeas:
743 2755 915 2820 indicabo
931 2756 1016 2837 tibi,
1040 2775 1057 2822 o
1080 2756 1201 2837 homo,
1225 2755 1313 2838 quid

177 2859 225 2922 sit
255 2857 391 2922 bouum
421 2862 457 2922 ct
485 2858 573 2940 quid
604 2859 773 2924 dominus
798 2861 968 2942 requirat
990 2878 1008 2924 a
1030 2864 1081 2941 te,
1111 2861 1239 2943 utique
1262 2861 1313 2925 fa-

177 2980 257 3026 cero
279 2962 458 3027 iudicium
482 2967 518 3028 31
541 2963 698 3048 diligere
720 2965 1018 3030 misericordiam
1042 2969 1075 3030 et
1103 2965 1312 3031 sollicitum

176 3065 367 3130 ambulare
400 3085 481 3131 oum
513 3067 577 3132 deo
611 3070 682 3132 tuo.
722 3068 796 3133 dum
827 3068 915 3134 dicit:
951 3074 988 3134 et
1021 3070 1107 3152 quid
1142 3070 1312 3135 dominus

177 3173 333 3252 quaerat
363 3189 381 3235 a
410 3175 460 3252 te,
490 3172 621 3253 utiquc
650 3172 773 3237 iacere
802 3172 995 3255 iudicium,
1026 3177 1204 3259 promptam
1227 3193 1312 3239 exer·
1339 3202 1365 3241 aa

176 3274 264 3338 cendi
287 3273 362 3338 boni
383 3275 483 3358 operis
506 3277 704 3340 uoluntatem
726 3295 787 3341 non
810 3283 995 3360 reposceret,
1026 3279 1053 3342 si
1080 3297 1142 3344 non
1165 3279 1311 3344 dedisset.

177 3378 274 3459 uides,
290 3379 372 3459 quia,
389 3379 472 3444 sicut
490 3379 540 3444 dei
561 3383 618 3460 est,
635 3383 671 3443 ut
684 3398 857 3462 prouocaus
874 3382 1064 3464 adhortetur,
1088 3384 1133 3448 ita
1147 3382 1312 3448 oboedien-

176 3481 237 3547 tiae
259 3481 395 3548 hominis
418 3487 614 3549 resematum
638 3488 695 3564 est,
719 3489 754 3548 ut
776 3489 933 3568 sequatur.
1021 3503 1028 3514 ·

277 3663 306 3732 3]
324 3663 421 3718 uasti.
435 3665 476 3728 aa,
490 3667 530 3720 ar.
584 3665 630 3736 21]
648 3665 728 3720 mon.
743 3669 767 3732 c,
780 3669 804 3723 3.

216 3843 361 3901 asemas
380 3845 407 3900 P
475 3846 708 3902 4333313331
725 3849 753 3903 Ρ
821 3847 1002 3904 anomaeus
1020 3851 1048 3906 r>
1114 3819 1268 3922 morsalin
1286 3855 1314 3908 r>

174 3957 337 4026 Slacrymae
355 3958 383 4013 P
443 3958 547 4016 indita
608 3961 749 4064 tilmatheo
767 3960 795 4016 P
854 3963 957 4017 occides
975 3965 1003 4018 P
1061 3967 1092 4020 10
1110 3923 1222 4034 quoiam
1240 3966 1310 4034 P(i

173 4087 305 4140 33333333.
325 4089 397 4126 marr.
414 4074 474 4141 311.)
546 4075 576 4129 11
600 4073 690 4142 galina
712 4075 740 4128 P
809 4079 840 4131 11
864 4093 985 4148 expressa
1007 4079 1035 4132 P
1105 4077 1261 4134 ascarides
1285 4082 1313 4135 P

176 4159 207 4212 l‘l
229 4157 382 4226 pronontiat
404 4159 432 4214 P
500 4161 534 4216 20
556 4161 689 4230 operiatur
714 4162 741 4215 P
808 4165 840 4218 21
866 4163 982 4218 micheas
1005 4163 1033 4219 P
1101 4167 1135 4222 22
1157 4165 1266 4235 utiquaa
1286 4169 1313 4222 P

174 4245 208 4298 25
226 4244 379 4313 utiquaoP
439 4249 573 4316 prorutam
592 4249 620 4302 P
682 4249 819 4318 sequatur]
838 4249 1004 4305 EXPLICIT
1027 4249 1135 4306 Lissa
1153 4251 1306 4307 PRIMVS.

172 4328 213 4382 IN
215 4329 390 4386 carinum
409 4333 889 4404 (31313331331313313331131311111
902 4335 1009 4392 LIBRO
1022 4338 1186 4396 SECVNDO
1199 4341 1262 4394 odd.
1277 4341 1305 4394 P
