3264 5134
304 505 346 570 52
768 507 789 562 Ι.
808 507 853 562 De
872 511 980 577 gratia

303 683 359 747 sed
389 683 489 748 cordis
521 683 614 748 elatio
644 683 829 749 declinanda
859 690 915 749 est.
964 702 1086 766 nemo,
1116 685 1232 767 inquit,
1262 685 1369 749 uenit
1399 685 1441 748 ad

302 805 371 868 me,
402 787 476 852 nisi
502 791 609 872 pater
636 789 846 854 adtraxerit
873 808 963 854 eum.
1016 789 1168 871 numquid
1195 789 1283 854 uelut
1309 789 1441 853 insensi-

301 889 374 954 bilis
403 895 434 955 et
460 891 568 974 inepta
595 892 741 956 materies
770 892 807 956 de
834 893 901 958 loeo
929 893 968 957 ad
995 895 1098 958 locum
1131 893 1304 958 mouendus
1335 895 1384 956 est
1411 895 1441 956 et

301 995 493 1060 trahendus?
538 995 592 1060 sed
615 995 782 1062 adsistenti
804 1001 835 1062 et
857 998 981 1062 uocanti
1003 997 1128 1062 domino
1151 997 1288 1062 famulus
1312 1013 1441 1060 manum

261 1127 275 1168 e
301 1098 386 1180 fidei,
411 1117 473 1181 qua
495 1100 687 1181 adtrahatur,
715 1102 854 1166 extendit
877 1105 908 1166 et
932 1101 1019 1166 dicit:
1044 1101 1167 1182 oredo,
1195 1099 1355 1180 domine,
1383 1100 1440 1164 ad-

300 1203 388 1268 iuua
410 1204 715 1269 incredulitatem
739 1224 866 1270 meam.
906 1206 1001 1270 etita
1021 1225 1054 1270 se
1075 1205 1134 1270 duo
1154 1205 1216 1269 ista
1237 1206 1439 1289 coniungunt,

301 1307 493 1372 adtrahentis
521 1309 622 1373 uirtus
654 1313 686 1374 et
716 1309 907 1374 oboedientis
934 1309 1079 1390 affectus,
1112 1309 1265 1391 quomodo
1293 1309 1321 1373 si
1348 1325 1440 1392 aeger

267 1489 272 1500 Ι
302 1412 413 1494 aliquis
444 1413 611 1498 adsurgere
642 1418 770 1479 conetur
801 1419 832 1478 et
861 1415 994 1479 facultas
1026 1415 1166 1479 animum
1197 1431 1258 1478 non
1293 1416 1439 1496 sequatur

301 1521 333 1582 et
351 1521 514 1601 propterea
534 1517 594 1582 sibi
614 1519 730 1602 porrigi
746 1519 905 1584 dexteram
922 1519 1112 1602 deprecetur.
1148 1519 1263 1584 elamat
1282 1517 1438 1597 uoluntas,

249 1647 275 1688 ιο
300 1621 373 1704 quio
395 1622 462 1686 sola
483 1641 538 1704 per
562 1641 594 1686 se
619 1624 735 1687 eleuari
757 1624 858 1688 nescit
879 1623 1053 1688 infirmitas.
1093 1624 1137 1687 ita
1160 1622 1304 1686 dominus
1326 1622 1441 1686 inuitat

300 1726 474 1807 uolentem,
503 1725 639 1792 adtrahit
661 1727 903 1808 desiderantem,
934 1727 1025 1810 erigit
1048 1727 1249 1792 adnitentem.
1295 1725 1369 1808 quid
1392 1728 1441 1790 ert

301 1833 406 1894 autem
426 1830 590 1896 adtrahere
613 1831 674 1894 nisi
693 1831 881 1913 praedicare,
905 1831 966 1896 nisi
983 1832 1207 1914 scripturarum
1222 1829 1440 1896 consolationi-

300 1933 359 1998 bus
391 1935 533 2014 exeitare‚
557 1934 821 2019 increpationibus
842 1935 1007 2016 deterrere,
1031 1935 1234 2000 desideranda
1257 1951 1439 2018 proponere,

300 2037 455 2103 intentare
479 2039 658 2120 metuenda,
681 2039 829 2104 iudicium
853 2039 1045 2119 comminari,
1073 2039 1248 2123 praemium
1277 2037 1439 2121 polliceri?

248 2167 272 2208 15
342 2141 425 2206 Audi
448 2142 609 2208 dominum
633 2161 695 2208 non
718 2143 804 2208 duris
827 2143 971 2224 nexibus,
999 2143 1053 2207 sed
1076 2143 1143 2226 spei
1166 2141 1312 2207 manibus
1335 2141 1440 2206 adtra-

298 2247 427 2311 hentem
451 2247 675 2326 etdileotionis
703 2247 837 2312 brachiis
865 2248 1065 2329 innitentem,
1094 2248 1174 2313 sicut
1201 2247 1245 2311 ait
1273 2247 1438 2331 propheta:

299 2351 445 2415 adtraxi
476 2368 537 2415 eos
565 2351 602 2414 in
633 2351 796 2416 uinculis
827 2353 1016 2433 caritatis,
1051 2355 1083 2416 et
1105 2351 1197 2416 illud:
1228 2354 1313 2435 post
1340 2355 1375 2416 te
1402 2351 1437 2414 in

299 2454 445 2520 odorem
473 2458 749 2538 unguentorum
775 2459 923 2520 tuorum
954 2474 1154 2520 curremus.
1193 2459 1224 2520 et
1250 2455 1318 2518 ideo
1350 2454 1436 2518 dicit:

299 2561 425 2624 uenite
448 2560 492 2625 ad
512 2579 566 2625 me
590 2577 731 2640 omnes,
755 2561 816 2642 qui
836 2560 1019 2624 laboratis
1043 2563 1079 2624 et
1102 2559 1246 2624 onerati
1270 2558 1377 2638 estis,
1402 2561 1438 2621 et

247 2691 273 2730 so
300 2681 365 2748 ego
388 2663 558 2728 reficiam
581 2681 660 2744 noa,
689 2683 728 2728 ne
751 2665 834 2728 xillus
857 2681 1004 2728 excusare
1027 2683 1060 2728 se
1083 2663 1182 2747 possit
1205 2663 1362 2742 exclusus,
1385 2663 1437 2743 qui

299 2768 495 2832 conuincitur
515 2769 675 2832 inuitatus.
714 2769 787 2832 licet
810 2769 892 2832 enim
917 2785 978 2832 non
1001 2785 1110 2831 omues
1133 2765 1363 2832 oboedientiam
1386 2784 1437 2830 ex·

299 2870 450 2936 hibituros
477 2890 546 2936 esse
573 2875 804 2954 praenosceret,
832 2871 978 2936 omnibus
1006 2875 1112 2935 tamen
1136 2875 1167 2934 et
1188 2871 1269 2934 uelle
1293 2874 1324 2934 et
1345 2887 1436 2952 posse

299 2976 478 3040 donauerat.
524 2976 671 3042 hocloco
694 2977 857 3040 sollicitius
880 2975 1069 3058 requiratur,
1097 2979 1203 3039 utrum
1231 2973 1360 3056 quisque
1383 2973 1437 3036 ad·

300 3080 380 3144 trahi
403 3080 481 3144 uelit
503 3098 543 3143 an
567 3080 652 3145 nolit.
699 3081 725 3144 si
754 3099 815 3145 non
843 3081 926 3160 uult,
958 3079 1099 3144 absolute
1127 3078 1322 3143 adtrahentis
1349 3077 1437 3141 beni·

247 3209 273 3248 re
300 3184 470 3249 nolentiam
501 3201 563 3248 non
595 3187 739 3248 meretur.
787 3185 813 3248 si
842 3187 944 3248 autem
973 3185 1057 3262 uult,
1095 3201 1165 3247 ecoe
1191 3184 1253 3248 iam
1282 3201 1354 3246 cum
1381 3181 1436 3245 deo

300 3291 332 3352 et
361 3288 496 3352 hominis
527 3306 697 3352 consensus
725 3291 915 3370 cooperatur.
961 3306 1081 3367 nemo,
1111 3287 1228 3370 iuquit,
1261 3287 1364 3350 uenit
1394 3285 1436 3349 ad

300 3411 369 3472 me,
404 3393 476 3456 nisi
507 3395 612 3476 pater
643 3393 850 3456 adtraxerit
884 3411 973 3456 eum.
1035 3392 1189 3475 quomodo
1220 3391 1437 3456 adtrahentem

301 3497 401 3576 uidae,
429 3515 484 3560 our
507 3497 686 3562 dissimulas
714 3497 819 3561 uidere
842 3498 1041 3562 uenientem?
1070 3499 1102 3562 et
1124 3498 1192 3561 ideo
1216 3497 1297 3560 sicut
1318 3495 1437 3579 gratiae

301 3605 349 3665 est
376 3602 456 3684 quod
484 3602 671 3681 adtrahitur,
699 3602 744 3665 ita
770 3601 985 3666 oboedientiae
1012 3601 1161 3683 probatur
1185 3619 1253 3665 esse
1280 3601 1362 3682 quod
1389 3618 1437 3662 se-

247 3731 273 3770 so
300 3705 413 3787 quitur.
459 3707 535 3770 haec
558 3705 750 3770 adtrahentis
774 3705 824 3770 dei
847 3704 1057 3770 misericordia
1080 3705 1106 3768 si
1130 3704 1231 3788 dignis
1255 3703 1357 3783 datur,
1383 3701 1437 3766 ad-

300 3811 407 3890 uertis,
431 3811 503 3892 quia
524 3811 587 3874 iam
611 3814 641 3874 et
661 3811 765 3874 studio
785 3812 941 3874 humanae
961 3813 1130 3890 utcumque
1150 3808 1308 3872 seruitutis
1328 3809 1437 3891 inpen-

404 4007 431 4076 5]
449 4008 529 4062 Marc.
543 4011 568 4072 9,
581 4010 621 4063 23.
688 4009 731 4078 17]
751 4007 808 4062 Osa.
825 4012 865 4071 11,
878 4011 901 4063 4.
961 4007 1036 4062 Cant.
1053 4012 1075 4071 1,
1088 4009 1111 4063 3.
1168 4007 1212 4076 19]
1231 4006 1326 4062 nauch.
1342 4007 1435 4069 11‚28.

344 4189 486 4245 9dextara
508 4190 534 4244 P
621 4189 792 4260 depraecetur
810 4191 837 4245 P
925 4194 956 4246 15
976 4191 1031 4260 spei
1049 4208 1135 4248 om.o
1223 4192 1256 4246 18
1274 4189 1438 4244 currimuso

301 4277 335 4332 23
357 4275 506 4332 sollicitae
576 4277 703 4346 quisquae
726 4279 753 4332 P
821 4280 854 4333 24
878 4277 952 4345 uellit
975 4279 1003 4332 P
1072 4277 1150 4331 nollit
1172 4277 1200 4331 P
1267 4275 1438 4332 assolitamc

300 4365 334 4420 25
353 4362 412 4432 deo]
433 4361 468 4415 dd
487 4363 519 4430 P,
539 4363 618 4420 deso
687 4366 721 4420 26
745 4367 900 4433 cooperatur
921 4365 1029 4434 seipsi,
1050 4363 1205 4433 llljlloperutur
1222 4363 1257 4430 P,
1279 4365 1404 4432 operatum
1421 4381 1438 4418 o

300 4453 334 4506 28
353 4467 420 4520 quur
439 4451 466 4504 P
517 4453 548 4506 31
569 4453 727 4519 utcumquae
747 4452 774 4505 P
826 4451 989 4521 impenditur
1007 4453 1034 4505 P
