3222 5144
310 487 374 555 306
748 487 813 545 IIII.
832 473 942 544 Sermo
961 491 1002 546 21.

310 668 490 751 Aegyptum
513 665 653 731 infinitae
676 667 893 731 multitudines
916 666 1044 730 adsidue
1063 665 1270 732 confluebant.
1309 665 1364 730 sed
1382 665 1445 730 for·

311 774 395 836 tasse
418 771 530 852 aliquis
553 771 645 852 dieat,
668 770 751 852 qnod
773 770 885 835 beatus
901 771 1015 854 Ioseph
1033 771 1183 854 paruulus
1199 771 1308 835 exierit
1324 773 1443 852 apatre

310 892 366 939 suo
389 878 421 939 et
442 875 511 939 ideo
534 893 606 939 eum
628 874 781 939 recordari
803 893 865 939 non
887 875 1049 959 potuisset.
1089 875 1218 940 nonita
1245 878 1303 956 est,
1334 874 1443 938 iratres

311 979 472 1044 carissimi.
510 998 587 1062 puer
610 980 693 1044 enirn
717 983 793 1060 erat,
817 979 872 1044 sed
894 979 1030 1044 sedecim
1053 996 1207 1044 annornm
1229 983 1262 1043 et
1288 979 1376 1042 nulla
1396 995 1444 1042 ra-

209 1141 218 1165 ,
271 1083 393 1154 stione
420 1085 564 1167 parentes
592 1101 666 1148 snos
693 1086 816 1165 poterat
842 1081 995 1148 obliuisci.
1033 1101 1108 1148 nam
1135 1085 1167 1147 et
1191 1083 1225 1146 in
1246 1086 1371 1146 tantum
1393 1099 1444 1146 eos

310 1186 424 1253 oblitus
448 1205 510 1252 non
534 1191 610 1268 erat,
634 1191 670 1251 ut
684 1187 797 1253 tratres
813 1206 896 1268 suos,
919 1186 973 1252 ubi
988 1187 1125 1270 primum
1140 1187 1228 1268 uidit,
1251 1190 1443 1271 agnosceret.

353 1289 413 1356 Sed
435 1291 509 1356 dicit
524 1291 647 1374 uliquis,
669 1289 769 1376 (quia)
783 1292 942 1356 licentiam
959 1295 1014 1356 aut
1029 1292 1203 1375 potentiam
1219 1307 1281 1355 non
1300 1290 1445 1356 habuerit

310 1395 455 1460 mittendi
485 1395 523 1460 ad
553 1395 688 1479 patriam
719 1413 819 1460 suam.
857 1396 952 1461 etiam
983 1395 1009 1461 si
1038 1396 1097 1460 hoc
1128 1395 1217 1478 qnasi
1247 1395 1313 1459 neri
1345 1395 1444 1460 simile

309 1500 476 1580 uideretur,
510 1503 619 1583 postea
652 1518 748 1582 quam
777 1501 816 1564 de
846 1518 968 1565 carcere
999 1501 1129 1566 eductus
1161 1504 1210 1565 est
1239 1504 1270 1564 et
1300 1499 1444 1564 dominus

259 1631 284 1672 ιο
309 1605 412 1669 iactus
442 1605 474 1669 in
505 1604 590 1668 omni
612 1607 694 1669 terra
715 1604 863 1688 Aegypti,
893 1623 949 1686 per
971 1605 1041 1669 illos
1065 1607 1186 1687 septem
1208 1621 1306 1669 annos
1335 1603 1445 1668 fertili-

309 1709 383 1774 tatis
414 1711 445 1773 et
474 1708 543 1772 illos
574 1708 662 1788 duos,
693 1709 746 1790 qui
769 1709 917 1774 transacti
941 1712 1016 1773 sunt
1037 1711 1176 1791 tempore
1199 1708 1331 1793 inopiae,
1360 1712 1447 1772 ante

309 1831 405 1896 quam
427 1813 540 1878 tratres
564 1813 612 1877 sui
635 1813 673 1877 ad
697 1831 769 1877 eum
792 1814 1026 1894 descenderent,
1049 1833 1105 1897 per
1126 1814 1202 1878 istos
1219 1829 1332 1878 nouem
1349 1831 1446 1878 annos

309 1917 342 1981 in
371 1918 519 1982 trecentis
550 1917 675 1982 milibus
706 1919 772 1982 sine
803 1917 868 1982 ulla
898 1917 1090 1982 dubitatione
1119 1919 1220 2000 potuit
1251 1917 1378 1982 mittere
1408 1916 1446 1980 ad

309 2025 434 2104 patrem
457 2041 558 2086 suurn.
597 2022 653 2086 sed
675 2022 796 2086 occulto
820 2022 934 2086 iudicio
956 2023 1014 2086 hoc
1038 2021 1181 2086 dominus
1204 2020 1270 2085 fieri
1292 2039 1356 2085 non
1379 2039 1448 2103 per·

259 2152 283 2192 n
310 2126 396 2189 misit
417 2127 449 2188 in
471 2128 605 2206 tantum,
636 2129 672 2190 ut
695 2143 752 2189 nec
778 2129 853 2190 tunc
883 2143 917 2190 se
947 2125 1163 2190 manifestaret
1191 2125 1341 2189 fratribus
1372 2127 1446 2206 suis,

310 2229 433 2312 qnando
457 2229 497 2293 ad
519 2228 687 2295 emendum
709 2229 849 2294 biticum
872 2233 1094 2310 conuenerant,
1124 2230 1200 2312 quin
1226 2230 1323 2294 immo
1347 2229 1448 2294 duris-

309 2333 387 2397 sime
420 2333 464 2398 eis
498 2334 629 2415 loquens
660 2337 692 2397 et
720 2334 851 2398 fratrem
880 2333 1007 2398 illorum
1036 2334 1070 2398 in
1099 2333 1233 2398 runculis
1265 2337 1378 2398 tenens
1409 2333 1447 2398 ad

309 2441 431 2521 patrem
454 2455 547 2502 suum
570 2454 622 2502 eos
645 2455 716 2502 cum
739 2438 851 2522 grandi
873 2438 976 2504 dolore
999 2437 1100 2503 redire
1123 2438 1223 2503 iussit.

352 2541 521 2607 Adtendite
537 2541 638 2607 adhuc
658 2546 688 2606 et
705 2541 789 2607 aliud
803 2542 905 2607 maius
921 2542 1115 2606 miraculum.
1154 2543 1267 2622 uidete,
1291 2543 1448 2623 quomodo

257 2673 283 2714 so
309 2645 422 2730 Ioseph
443 2646 566 2727 beatus,
590 2646 643 2728 qni
664 2650 786 2730 patrem
810 2665 903 2712 sunm
926 2649 1056 2711 nouerat
1081 2663 1137 2729 pro
1160 2665 1194 2710 se
1216 2645 1448 2711 intolerabilem

309 2751 548 2816 amaritudinem
571 2750 736 2832 sustinere,
767 2751 855 2833 quasi
877 2769 988 2834 pamm
1012 2754 1105 2832 esset,
1136 2750 1218 2832 quod
1241 2753 1313 2814 ante
1341 2755 1450 2833 pertu-

307 2855 396 2936 lerat,
420 2854 522 2920 adhuc
545 2857 575 2919 et
597 2855 762 2919 Beniamin
784 2855 859 2919 tecit
880 2855 1003 2936 auiorri,
1031 2871 1092 2937 quo
1114 2854 1197 2920 iacto
1220 2855 1328 2936 utique
1352 2873 1450 2919 noue-

308 2965 358 3026 rat
373 2979 446 3026 enm
461 2961 668 3044 multiplicem
683 2979 849 3044 passurum
866 2980 935 3026 osso
951 2961 1098 3026 dolorem.
1135 2961 1212 3026 haec
1235 2961 1318 3024 enim
1342 2963 1452 3027 omnia

309 3065 376 3130 sine
399 3066 499 3130 saneti
522 3066 648 3149 spiritns
672 3065 906 3148 dispensatione
928 3066 1012 3130 facta
1033 3065 1131 3130 fuisse
1151 3083 1213 3130 non
1233 3065 1334 3130 credo.
1372 3067 1451 3130 dens

257 3195 282 3235 as
309 3169 403 3250 enim,
434 3169 521 3234 ouius
544 3169 659 3234 indicia
680 3170 863 3253 plerumque
886 3174 960 3235 sunt
982 3170 1112 3250 occulta,
1145 3187 1316 3251 numquam
1340 3173 1451 3235 tamen

308 3273 434 3354 iniusta,
465 3274 518 3356 qui
546 3273 639 3338 beato
661 3273 753 3338 Iacob
785 3273 885 3338 noluit
914 3274 1050 3338 indicare
1077 3272 1178 3338 filium
1205 3291 1298 3338 suum
1328 3273 1452 3356 uiuere,

307 3378 360 3442 ille
383 3378 479 3442 etiam
507 3381 651 3444 sanctum
674 3377 788 3460 Ioseph
816 3376 907 3462 (non)
928 3377 1080 3461 permisit,
1111 3381 1147 3442 ut
1172 3378 1333 3462 patrisne
1357 3397 1453 3443 suam

307 3482 440 3567 gloriam
456 3482 624 3562 nuntiaret,
645 3482 720 3564 quin
735 3481 831 3546 immo
847 3481 948 3547 adhuc
963 3481 1087 3547 Simeon
1102 3482 1134 3546 in
1150 3481 1283 3545 uinculis
1299 3484 1453 3564 tenendo,

351 3689 522 3746 3recorda'ro
540 3689 570 3744 D
638 3687 737 3744 inula
755 3690 785 3744 D
854 3689 961 3758 denos]
985 3692 1013 3744 at
1031 3689 1095 3744 add.
1114 3689 1143 3742 D
1213 3688 1315 3756 iquia
1337 3691 1454 3760 addidi,

308 3795 358 3833 om.
372 3777 409 3846 D,
428 3776 490 3845 qrria
506 3793 554 3847 pro
573 3792 610 3840 co,
629 3773 700 3844 quod
718 3774 851 3844 Aegyptio
870 3774 978 3829 domino
997 3774 1129 3829 seruiebat
1147 3774 1211 3829 add.
1230 3776 1303 3845 Aup.
1365 3779 1385 3833 8
1404 3794 1455 3847 pu·

307 3865 377 3917 trem
395 3879 473 3917 suum
491 3864 563 3934 Aup.
635 3865 668 3918 10
686 3863 771 3916 totum
790 3865 890 3916 terram
907 3863 979 3932 Aup.
1052 3865 1081 3916 11
1107 3860 1235 3914 mansneti
1254 3863 1337 3931 dap,
1359 3865 1455 3918 mans·

308 3949 363 4004 deti
381 3951 410 4004 D
463 3951 496 4005 12
514 3949 681 4004 discenderet
699 3949 728 4004 D
783 3951 815 4004 13
833 3948 954 4003 tricentis
973 3950 1002 4002 D
1063 3946 1184 4017 milibus]
1203 3961 1257 4000 non
1275 3949 1368 4017 potuit
1387 3953 1456 4008 mit-

306 4039 363 4090 tere
384 4035 419 4089 ad
439 4039 543 4106 patrem
566 4035 663 4090 suum?
685 4036 747 4091 cdd.
766 4036 837 4106 Aac.
911 4037 943 4090 14
964 4034 1053 4088 oculto
1077 4036 1106 4089 D
1177 4037 1208 4089 15
1227 4031 1405 4138 manifestare
1425 4039 1457 4094 D

308 4148 404 4217 loqui
422 4149 504 4204 immo
523 4151 552 4204 D
614 4151 646 4205 19
665 4147 732 4202 alim
749 4149 779 4202 D
841 4149 876 4204 20
894 4145 1100 4201 intollerabilem
1118 4147 1147 4202 D
1210 4147 1405 4231 21⁶8ustenere
1425 4152 1457 4207 D

306 4251 400 4306 parum
418 4237 499 4306 nup,
517 4251 631 4305 paruum
649 4236 679 4290 D
738 4236 772 4290 23
790 4233 951 4305 multiplicet
969 4235 998 4288 D
1059 4237 1093 4289 24
1112 4233 1205 4286 luisset
1223 4234 1252 4287 D
1304 4235 1339 4289 25
1358 4237 1457 4292 oculta

305 4339 436 4392 aspersos
455 4323 485 4377 D
539 4323 573 4377 21
592 4322 673 4376 etiam
691 4324 813 4376 sanetum
831 4319 927 4390 Ioseph
946 4335 998 4374 non
1016 4320 1138 4389 permisit
1155 4321 1236 4390 Auo,
1252 4319 1347 4389 pmisit
1366 4324 1456 4380 etiam

306 4433 363 4490 siim
381 4434 472 4505 ioseph
490 4435 520 4490 D
572 4435 607 4492 28
625 4399 731 4488 alemeon
749 4436 779 4489 D
