3264 5134
665 487 762 547 Liber
779 490 794 546 Ι
814 493 853 548 10.
1289 491 1335 557 35

188 665 289 731 stolus
305 665 404 731 dicat:
430 671 650 750 peccantem
674 685 795 733 coram
811 666 984 731 omnibus
1000 685 1129 751 argue,
1153 668 1239 731 nulla
1254 668 1333 731 ratio

190 773 248 852 est,
273 789 334 853 qua
348 772 401 836 uel
416 771 594 856 arguendus
610 773 653 837 sit
675 773 726 837 uel
749 771 1014 852 condemnandus,
1036 773 1088 854 qui
1112 770 1264 854 delinquit
1285 773 1333 835 in-

186 875 288 940 uitus.
327 876 382 940 sed
405 895 468 941 non
490 875 536 941 ita
558 879 614 941 est.
654 894 727 940 nam
751 895 822 940 curn
839 895 894 960 par
909 877 1095 959 prophetam
1118 895 1211 941 suum
1235 877 1333 940 domi-

189 998 251 1044 nus
274 980 374 1044 dicat:
398 999 698 1063 unumquemque
721 982 924 1045 seeundum
946 981 1027 1045 uias
1048 999 1133 1045 suas
1156 981 1333 1045 iudicabo

190 1082 318 1150 domus
342 1084 357 1149 I
363 1086 475 1166 srael,
499 1085 688 1169 quicumque
704 1085 869 1150 succubuit
883 1085 1030 1168 passioni,
1047 1103 1109 1150 non
1124 1085 1331 1169 praescientia
1359 1113 1373 1152 s

190 1192 345 1272 urguente
372 1192 536 1272 superatus
560 1194 617 1271 est,
649 1191 704 1254 sed
733 1193 862 1273 peccalo
892 1187 1073 1254 blandiente
1101 1189 1247 1254 seductus
1277 1193 1333 1254 est.

191 1293 294 1358 adhuc
327 1297 479 1378 negantes
513 1298 662 1359 conatum
695 1295 810 1360 laboris
845 1295 976 1359 humani
1007 1295 1223 1359 testimonium
1252 1293 1335 1358 istud

191 1401 371 1482 opponunt:
394 1399 468 1463 nisi
488 1398 659 1464 dominus
676 1399 941 1464 aedilieauerit
956 1399 1116 1480 domum,
1140 1399 1177 1464 in
1200 1417 1336 1464 uanum

189 1501 381 1584 laborant,
405 1503 468 1586 qni
484 1504 693 1568 aedificant
709 1523 796 1568 eam.
841 1505 892 1588 qui
912 1504 972 1568 hoc
991 1504 1122 1588 inperite
1144 1503 1282 1568 obiciunt
1305 1507 1336 1567 et

190 1609 295 1671 totum
318 1607 437 1672 homini
460 1607 678 1693 denegandum
701 1609 842 1690 credunt,
865 1609 1002 1691 primum
1025 1608 1197 1673 seeundum
1222 1625 1334 1672 sonum
1362 1635 1387 1674 ro

190 1711 316 1776 litterae
337 1712 533 1778 intellectum
557 1731 650 1778 suum
666 1713 808 1797 expedire
825 1731 887 1778 non
902 1716 1043 1796 possunt.
1083 1712 1234 1794 numquid
1250 1711 1335 1776 enirn

191 1815 338 1881 dominus
368 1837 424 1901 per
453 1837 485 1882 se
513 1821 638 1882 tantum
669 1818 757 1882 uelut
787 1818 924 1883 solitaria
953 1818 1169 1901 procuratione
1201 1817 1334 1882 salutem

190 1919 324 1984 humani
345 1922 470 2005 generis
494 1921 717 1987 administrat?
755 1941 817 1987 non
840 1923 958 2004 ubique.
990 1922 1045 1986 sed
1065 1941 1137 1987 cum
1154 1939 1265 2005 corpus
1280 1941 1336 2005 per

191 2024 336 2090 membra
358 2025 545 2109 dispositum
569 2025 679 2110 capitis
703 2029 888 2108 exsequatur
911 2027 1089 2110 imparium,
1113 2026 1255 2091 acdificat
1268 2023 1336 2109 <do-

192 2127 312 2215 minns>
342 2129 470 2194 domum
500 2149 591 2194 suam
620 2150 676 2214 per
704 2131 853 2196 ecclcsiae
880 2132 1039 2214 praesules
1067 2134 1161 2213 atque
1184 2134 1335 2215 pastores,
1363 2156 1388 2198 15

191 2253 250 2317 per
272 2252 335 2315 cos,
358 2236 412 2316 qui
434 2235 557 2300 dicunt:
581 2235 640 2300 dci
663 2236 759 2300 enim
784 2236 975 2300 adiutores
999 2254 1134 2300 sumus.
1174 2236 1228 2319 qui
1251 2235 1336 2300 anim

191 2355 300 2403 curam
324 2339 458 2422 suscipit
479 2340 623 2404 saluandi
645 2340 792 2421 hominis,
816 2340 1010 2405 adiutorest
1031 2340 1247 2424 redemptoris,

236 2441 391 2507 Aedificat
418 2461 491 2528 ergo
518 2445 647 2510 domum
676 2445 758 2510 hanc
785 2444 928 2509 dominus
958 2464 1014 2527 per
1045 2448 1169 2510 sanctos
1200 2461 1273 2509 suos
1305 2447 1336 2508 et

192 2547 294 2611 sancti
316 2567 371 2631 per
394 2547 555 2612 dominum
578 2567 681 2612 suum.
720 2548 900 2614 aedificatur
930 2548 1061 2613 ecclesia
1090 2569 1145 2632 per
1173 2567 1255 2629 eum,
1284 2547 1336 2630 qui

193 2651 285 2716 dixit:
308 2656 348 2717 nt
371 2652 521 2736 sapiens
544 2653 773 2718 architectus
794 2653 1079 2718 fundamentum
1094 2653 1211 2736 posui.
1242 2671 1336 2717 num·
1362 2679 1388 2718 ro

193 2756 268 2839 quid
291 2755 382 2821 aliter
404 2757 601 2822 aedificatam
624 2758 785 2842 cognoscis
809 2759 985 2839 ecclesiam,
1013 2777 1107 2840 quam
1134 2777 1190 2840 per
1212 2757 1335 2821 labores

193 2864 226 2925 et
253 2859 355 2924 officia
381 2861 588 2942 sacerdotum,
619 2881 674 2946 per
705 2863 879 2927 ministeria
909 2865 941 2927 at
973 2863 1116 2946 exempla
1145 2865 1335 2942 sanctorum,

192 2984 248 3048 per
272 2965 482 3048 apostolorum
505 2966 638 3032 uirtutes
662 2969 693 3030 at
716 2969 889 3049 martyrum
906 2969 1047 3030 mortes?
1078 2965 1133 3031 sed
1155 2966 1237 3030 inter
1259 2966 1336 3030 hacc

192 3087 265 3134 cum
288 3088 386 3151 usque
410 3069 449 3134 ad
471 3070 614 3134 omnium
637 3071 791 3136 malorum
806 3071 1005 3136 tolerantiam
1021 3071 1166 3153 uitaeque
1182 3071 1335 3134 iacturam

193 3173 334 3238 laborare
357 3174 470 3239 debeat
492 3175 640 3256 famulus,
664 3176 703 3238 ad
726 3175 887 3240 dominnm
911 3179 1016 3238 tamen
1040 3194 1163 3258 semper
1186 3177 1234 3238 est
1255 3175 1337 3238 rale—
1362 3199 1387 3239 a

193 3278 308 3343 roudus
331 3277 448 3343 laboris
465 3279 605 3343 effeetus.
643 3279 697 3362 qui
720 3298 794 3344 ucro
816 3280 868 3344 uel
891 3279 1015 3344 initium
1038 3280 1140 3361 operis
1164 3278 1224 3343 sibi
1246 3296 1337 3362 prae·

193 3383 291 3448 sumit
314 3383 463 3468 adrogare
486 3383 537 3448 ucl
560 3379 666 3465 finam
696 3385 734 3448 ad
760 3385 852 3449 illurn
879 3384 990 3448 marito
1014 3383 1143 3448 dicitur:
1175 3383 1248 3448 nisi
1278 3383 1336 3448 do·

193 3487 316 3552 minus
340 3487 602 3553 aedificauarit
630 3488 789 3569 domum,
820 3487 857 3552 in
888 3506 1023 3552 uanum
1053 3487 1243 3568 laborant,
1274 3488 1336 3570 qui

193 3591 401 3656 aedificant
424 3610 511 3656 eam.
550 3596 688 3657 ceterum
711 3593 793 3657 sicut
819 3591 858 3657 ab
886 3592 1013 3657 homine
1040 3592 1214 3656 indefessae
1238 3591 1336 3656 serui·

193 3695 271 3760 tutis
299 3696 491 3779 expectanda
517 3695 640 3762 deuotio
670 3699 733 3778 est,
764 3697 810 3761 ita
838 3695 939 3780 operis
971 3697 1180 3762 consummati
1209 3695 1386 3762 dominoco

300 3903 327 3973 1]
347 3903 443 3961 lTim.
457 3907 482 3968 5,
493 3905 535 3960 20.
583 3903 612 3974 4]
625 3901 718 3958 Eaech.
731 3905 773 3968 83,
786 3905 828 3960 20.
876 3903 905 3974 8]
924 3902 1133 3968 Psalm.126,1.
1189 3901 1334 3973 16]lCor.

191 3991 218 4060 3,
230 3993 255 4047 9.
310 3990 356 4060 20]
377 3993 390 4048 1
411 3989 508 4056 cora
523 3993 563 4047 10.

235 4181 342 4252 2qualll
361 4183 388 4238 P
447 4185 543 4238 doum
560 4183 732 4253 perscripsi,
751 4198 812 4236 cnm
831 4184 865 4252 P,
883 4198 963 4251 pero
1024 4183 1291 4251 denumquemquae
1310 4181 1338 4236 P

191 4269 376 4338 bquiedquac
395 4270 423 4326 P
490 4268 635 4324 subcubuit
654 4270 681 4324 P
751 4271 783 4325 13
801 4269 909 4338 utiquac
929 4269 956 4322 P
1026 4270 1058 4324 14
1081 4267 1205 4322 dominus
1228 4269 1336 4338 addidi,

191 4375 245 4414 om.
258 4357 293 4426 P,
311 4359 346 4427 cf.
360 4357 377 4412 l.
391 4361 426 4411 18
479 4359 511 4413 15
523 4355 655 4428 praesoles
668 4358 696 4411 P
747 4359 842 4426 atquae
855 4357 882 4412 P
933 4357 965 4412 21
980 4353 1103 4410 aedificat
1121 4359 1149 4410 et
1166 4355 1336 4424 cognoscito

191 4447 228 4502 24
246 4459 346 4514 usqnae
366 4444 393 4498 P
444 4444 582 4514 uitaequae
599 4445 628 4499 P

1145 4529 1177 4582 31
