<?xml version="1.0" encoding="UTF-8"?>
<!DOCTYPE html PUBLIC "-//W3C//DTD XHTML 1.0 Transitional//EN"
    "http://www.w3.org/TR/xhtml1/DTD/xhtml1-transitional.dtd">
<html xmlns="http://www.w3.org/1999/xhtml" xml:lang="en" lang="en">
 <head>
  <title>
</title>
<meta http-equiv="Content-Type" content="text/html;charset=utf-8" />
  <meta name='ocr-system' content='tesseract 3.04.00' />
  <meta name='ocr-capabilities' content='ocr_page ocr_carea ocr_par ocr_line ocrx_word'/>
</head>
<body>
  <div class='ocr_page' id='page_1' title='image "./praetersermones01fausgoog/praetersermones01fausgoog_0316.png"; bbox 0 0 3222 5144; ppageno 0'>
   <div class='ocr_carea' id='block_1_1' title="bbox 616 479 1306 546">
    <p class='ocr_par' dir='ltr' id='par_1_1' title="bbox 616 479 1306 546">
     <span class='ocr_line' id='line_1_1' title="bbox 616 479 1306 546; baseline 0.004 -12"><span class='ocrx_word' id='word_1_1' title='bbox 616 479 681 534; x_wconf 88' lang='lat' dir='ltr'>IIII.</span> <span class='ocrx_word' id='word_1_2' title='bbox 701 480 810 534; x_wconf 88' lang='lat' dir='ltr'>Sermo</span> <span class='ocrx_word' id='word_1_3' title='bbox 829 484 853 538; x_wconf 84' lang='lat'>2.</span> <span class='ocrx_word' id='word_1_4' title='bbox 1243 483 1306 546; x_wconf 79' lang='grc'>229</span> 
     </span>
    </p>
   </div>
   <div class='ocr_carea' id='block_1_2' title="bbox 164 657 1431 3768">
    <p class='ocr_par' dir='ltr' id='par_1_2' title="bbox 165 657 1363 1889">
     <span class='ocr_line' id='line_1_2' title="bbox 166 657 1307 742; baseline 0.001 -20"><span class='ocrx_word' id='word_1_5' title='bbox 166 676 228 722; x_wconf 89' lang='lat' dir='ltr'>uon</span> <span class='ocrx_word' id='word_1_6' title='bbox 252 658 313 722; x_wconf 91' lang='lat' dir='ltr'>tria</span> <span class='ocrx_word' id='word_1_7' title='bbox 335 675 441 742; x_wconf 90' lang='lat' dir='ltr'>regna.</span> <span class='ocrx_word' id='word_1_8' title='bbox 472 675 568 739; x_wconf 86' lang='lat' dir='ltr'>quare</span> <span class='ocrx_word' id='word_1_9' title='bbox 586 676 682 721; x_wconf 93' lang='lat' dir='ltr'>unum</span> <span class='ocrx_word' id='word_1_10' title='bbox 699 657 814 721; x_wconf 79' lang='lat' dir='ltr'>deum?</span> <span class='ocrx_word' id='word_1_11' title='bbox 842 658 915 739; x_wconf 88' lang='lat' dir='ltr'>qnia</span> <span class='ocrx_word' id='word_1_12' title='bbox 937 675 1000 722; x_wconf 93' lang='lat' dir='ltr'>uua</span> <span class='ocrx_word' id='word_1_13' title='bbox 1016 659 1153 740; x_wconf 90' lang='lat' dir='ltr'>operatio</span> <span class='ocrx_word' id='word_1_14' title='bbox 1169 659 1307 740; x_wconf 90' lang='lat' dir='ltr'>uirtutis,</span> 
     </span>
     <span class='ocr_line' id='line_1_3' title="bbox 166 761 1308 846; baseline 0.002 -21"><span class='ocrx_word' id='word_1_15' title='bbox 166 761 278 826; x_wconf 88' lang='lat' dir='ltr'>eadem</span> <span class='ocrx_word' id='word_1_16' title='bbox 300 761 463 826; x_wconf 86' lang='lat' dir='ltr'>eoncordia</span> <span class='ocrx_word' id='word_1_17' title='bbox 490 761 672 842; x_wconf 89' lang='lat' dir='ltr'>uoluntatis,</span> <span class='ocrx_word' id='word_1_18' title='bbox 700 779 763 825; x_wconf 90' lang='lat' dir='ltr'>una</span> <span class='ocrx_word' id='word_1_19' title='bbox 786 761 944 842; x_wconf 87' lang='lat' dir='ltr'>diuinitas,</span> <span class='ocrx_word' id='word_1_20' title='bbox 973 781 1035 826; x_wconf 85' lang='lat' dir='ltr'>una</span> <span class='ocrx_word' id='word_1_21' title='bbox 1063 763 1308 846; x_wconf 81' lang='lat' dir='ltr'>sempiternitas,</span> 
     </span>
     <span class='ocr_line' id='line_1_4' title="bbox 166 867 1307 951; baseline 0 -21"><span class='ocrx_word' id='word_1_22' title='bbox 166 883 230 930; x_wconf 89' lang='lat' dir='ltr'>una</span> <span class='ocrx_word' id='word_1_23' title='bbox 256 867 413 930; x_wconf 90' lang='lat' dir='ltr'>maiestas.</span> <span class='ocrx_word' id='word_1_24' title='bbox 459 883 553 948; x_wconf 90' lang='lat' dir='ltr'>quare</span> <span class='ocrx_word' id='word_1_25' title='bbox 577 868 682 930; x_wconf 89' lang='lat' dir='ltr'>autem</span> <span class='ocrx_word' id='word_1_26' title='bbox 705 869 769 930; x_wconf 91' lang='lat' dir='ltr'>tres</span> <span class='ocrx_word' id='word_1_27' title='bbox 791 869 963 948; x_wconf 82' lang='lat' dir='ltr'><strong>personas?</strong></span> <span class='ocrx_word' id='word_1_28' title='bbox 1009 867 1081 948; x_wconf 91' lang='lat' dir='ltr'>quia</span> <span class='ocrx_word' id='word_1_29' title='bbox 1108 869 1186 932; x_wconf 89' lang='lat' dir='ltr'>alter</span> <span class='ocrx_word' id='word_1_30' title='bbox 1209 871 1307 951; x_wconf 89' lang='lat' dir='ltr'>pater,</span> 
     </span>
     <span class='ocr_line' id='line_1_5' title="bbox 166 969 1308 1055; baseline 0.002 -21"><span class='ocrx_word' id='word_1_31' title='bbox 166 971 246 1035; x_wconf 89' lang='lat' dir='ltr'>alter</span> <span class='ocrx_word' id='word_1_32' title='bbox 262 969 353 1050; x_wconf 89' lang='lat' dir='ltr'>filins,</span> <span class='ocrx_word' id='word_1_33' title='bbox 378 972 457 1035; x_wconf 91' lang='lat' dir='ltr'>alter</span> <span class='ocrx_word' id='word_1_34' title='bbox 478 971 606 1052; x_wconf 89' lang='lat' dir='ltr'>spiritus</span> <span class='ocrx_word' id='word_1_35' title='bbox 630 973 767 1051; x_wconf 81' lang='lat' dir='ltr'>senoina,</span> <span class='ocrx_word' id='word_1_36' title='bbox 792 971 847 1036; x_wconf 93' lang='lat' dir='ltr'>sed</span> <span class='ocrx_word' id='word_1_37' title='bbox 870 971 903 1035; x_wconf 95' lang='lat' dir='ltr'>in</span> <span class='ocrx_word' id='word_1_38' title='bbox 925 971 1098 1036; x_wconf 88' lang='lat' dir='ltr'>diuinitatis</span> <span class='ocrx_word' id='word_1_39' title='bbox 1122 973 1308 1055; x_wconf 76' lang='lat' dir='ltr'>aequalitate</span> 
     </span>
     <span class='ocr_line' id='line_1_6' title="bbox 167 1060 1346 1159; baseline 0.001 -20"><span class='ocrx_word' id='word_1_40' title='bbox 167 1092 229 1139; x_wconf 90' lang='lat' dir='ltr'>nou</span> <span class='ocrx_word' id='word_1_41' title='bbox 246 1077 294 1139; x_wconf 91' lang='lat' dir='ltr'>est</span> <span class='ocrx_word' id='word_1_42' title='bbox 312 1075 405 1140; x_wconf 88' lang='lat' dir='ltr'>aliud.</span> <span class='ocrx_word' id='word_1_43' title='bbox 441 1093 504 1139; x_wconf 91' lang='lat' dir='ltr'>una</span> <span class='ocrx_word' id='word_1_44' title='bbox 527 1075 609 1140; x_wconf 90' lang='lat' dir='ltr'>enim</span> <span class='ocrx_word' id='word_1_45' title='bbox 632 1076 665 1140; x_wconf 90' lang='lat' dir='ltr'>in</span> <span class='ocrx_word' id='word_1_46' title='bbox 688 1060 787 1139; x_wconf 86' lang='lat' dir='ltr'>tribus</span> <span class='ocrx_word' id='word_1_47' title='bbox 810 1075 918 1159; x_wconf 81' lang='lat' dir='ltr'>gloria,</span> <span class='ocrx_word' id='word_1_48' title='bbox 942 1094 1005 1140; x_wconf 86' lang='lat' dir='ltr'>una</span> <span class='ocrx_word' id='word_1_49' title='bbox 1028 1076 1213 1158; x_wconf 87' lang='lat' dir='ltr'>substantia,</span> <span class='ocrx_word' id='word_1_50' title='bbox 1238 1077 1306 1140; x_wconf 86' lang='lat' dir='ltr'>nni·</span> <span class='ocrx_word' id='word_1_51' title='bbox 1333 1100 1346 1140; x_wconf 80' lang='lat' dir='ltr'>a</span> 
     </span>
     <span class='ocr_line' id='line_1_7' title="bbox 165 1179 1306 1264; baseline 0.004 -22"><span class='ocrx_word' id='word_1_52' title='bbox 165 1181 328 1262; x_wconf 83' lang='lat' dir='ltr'>totamque</span> <span class='ocrx_word' id='word_1_53' title='bbox 351 1180 428 1243; x_wconf 87' lang='lat' dir='ltr'>facit</span> <span class='ocrx_word' id='word_1_54' title='bbox 451 1179 623 1262; x_wconf 86' lang='lat' dir='ltr'>aequalitas</span> <span class='ocrx_word' id='word_1_55' title='bbox 647 1180 810 1259; x_wconf 87' lang='lat' dir='ltr'>uirtutum,</span> <span class='ocrx_word' id='word_1_56' title='bbox 839 1180 1012 1244; x_wconf 83' lang='lat' dir='ltr'>trinitatem</span> <span class='ocrx_word' id='word_1_57' title='bbox 1034 1181 1108 1244; x_wconf 82' lang='lat' dir='ltr'>facit</span> <span class='ocrx_word' id='word_1_58' title='bbox 1134 1181 1306 1264; x_wconf 87' lang='lat' dir='ltr'>proprietas</span> 
     </span>
     <span class='ocr_line' id='line_1_8' title="bbox 166 1283 1307 1367; baseline 0.001 -19"><span class='ocrx_word' id='word_1_59' title='bbox 166 1283 331 1348; x_wconf 89' lang='lat' dir='ltr'>nominum</span> <span class='ocrx_word' id='word_1_60' title='bbox 355 1287 386 1348; x_wconf 94' lang='lat' dir='ltr'>et</span> <span class='ocrx_word' id='word_1_61' title='bbox 414 1302 563 1348; x_wconf 91' lang='lat' dir='ltr'>numerus</span> <span class='ocrx_word' id='word_1_62' title='bbox 586 1301 801 1367; x_wconf 88' lang='lat' dir='ltr'>personarum.</span> <span class='ocrx_word' id='word_1_63' title='bbox 834 1283 916 1348; x_wconf 89' lang='lat' dir='ltr'>unde</span> <span class='ocrx_word' id='word_1_64' title='bbox 947 1283 1079 1348; x_wconf 86' lang='lat' dir='ltr'>fideliter</span> <span class='ocrx_word' id='word_1_65' title='bbox 1105 1285 1307 1366; x_wconf 88' lang='lat' dir='ltr'>retineamus,</span> 
     </span>
     <span class='ocr_line' id='line_1_9' title="bbox 166 1387 1308 1471; baseline 0.002 -19"><span class='ocrx_word' id='word_1_66' title='bbox 166 1388 242 1471; x_wconf 89' lang='lat' dir='ltr'>quia</span> <span class='ocrx_word' id='word_1_67' title='bbox 276 1389 420 1453; x_wconf 89' lang='lat' dir='ltr'>dominus</span> <span class='ocrx_word' id='word_1_68' title='bbox 455 1393 562 1454; x_wconf 87' lang='lat' dir='ltr'>noster</span> <span class='ocrx_word' id='word_1_69' title='bbox 598 1389 688 1454; x_wconf 88' lang='lat' dir='ltr'>Iesus</span> <span class='ocrx_word' id='word_1_70' title='bbox 724 1387 867 1454; x_wconf 80' lang='lat' dir='ltr'>Christus</span> <span class='ocrx_word' id='word_1_71' title='bbox 903 1389 990 1453; x_wconf 92' lang='lat' dir='ltr'>uenit</span> <span class='ocrx_word' id='word_1_72' title='bbox 1026 1390 1058 1453; x_wconf 94' lang='lat' dir='ltr'>in</span> <span class='ocrx_word' id='word_1_73' title='bbox 1096 1390 1154 1454; x_wconf 92' lang='lat' dir='ltr'>hoc</span> <span class='ocrx_word' id='word_1_74' title='bbox 1191 1391 1308 1454; x_wconf 93' lang='lat' dir='ltr'>mundo</span> 
     </span>
     <span class='ocr_line' id='line_1_10' title="bbox 166 1493 1310 1576; baseline 0.001 -19"><span class='ocrx_word' id='word_1_75' title='bbox 166 1496 343 1576; x_wconf 88' lang='lat' dir='ltr'>peccatores</span> <span class='ocrx_word' id='word_1_76' title='bbox 375 1495 479 1558; x_wconf 89' lang='lat' dir='ltr'>saluos</span> <span class='ocrx_word' id='word_1_77' title='bbox 507 1495 618 1574; x_wconf 85' lang='lat' dir='ltr'>facere,</span> <span class='ocrx_word' id='word_1_78' title='bbox 643 1494 724 1558; x_wconf 89' lang='lat' dir='ltr'>sieut</span> <span class='ocrx_word' id='word_1_79' title='bbox 747 1493 784 1557; x_wconf 95' lang='lat' dir='ltr'>de</span> <span class='ocrx_word' id='word_1_80' title='bbox 814 1494 870 1558; x_wconf 92' lang='lat' dir='ltr'>deo</span> <span class='ocrx_word' id='word_1_81' title='bbox 894 1497 977 1557; x_wconf 91' lang='lat' dir='ltr'>totus</span> <span class='ocrx_word' id='word_1_82' title='bbox 1001 1493 1088 1574; x_wconf 89' lang='lat' dir='ltr'>deus,</span> <span class='ocrx_word' id='word_1_83' title='bbox 1117 1495 1162 1559; x_wconf 87' lang='lat' dir='ltr'>ita</span> <span class='ocrx_word' id='word_1_84' title='bbox 1190 1495 1227 1558; x_wconf 94' lang='lat' dir='ltr'>de</span> <span class='ocrx_word' id='word_1_85' title='bbox 1254 1495 1310 1558; x_wconf 91' lang='lat' dir='ltr'>ho-</span> 
     </span>
     <span class='ocr_line' id='line_1_11' title="bbox 167 1597 1363 1680; baseline -0.001 -18"><span class='ocrx_word' id='word_1_86' title='bbox 167 1598 251 1662; x_wconf 92' lang='lat' dir='ltr'>mine</span> <span class='ocrx_word' id='word_1_87' title='bbox 275 1601 358 1662; x_wconf 74' lang='lat' dir='ltr'>utus</span> <span class='ocrx_word' id='word_1_88' title='bbox 382 1598 475 1662; x_wconf 90' lang='lat' dir='ltr'>homo</span> <span class='ocrx_word' id='word_1_89' title='bbox 506 1597 625 1680; x_wconf 87' lang='lat' dir='ltr'>absque</span> <span class='ocrx_word' id='word_1_90' title='bbox 648 1598 832 1680; x_wconf 80' lang='lat' dir='ltr'>contagione</span> <span class='ocrx_word' id='word_1_91' title='bbox 862 1598 998 1680; x_wconf 87' lang='lat' dir='ltr'>peccati,</span> <span class='ocrx_word' id='word_1_92' title='bbox 1028 1598 1200 1663; x_wconf 89' lang='lat' dir='ltr'>secundum</span> <span class='ocrx_word' id='word_1_93' title='bbox 1230 1599 1309 1662; x_wconf 89' lang='lat' dir='ltr'>diui·</span> <span class='ocrx_word' id='word_1_94' title='bbox 1337 1621 1363 1661; x_wconf 80' lang='lat' dir='ltr'>ro</span> 
     </span>
     <span class='ocr_line' id='line_1_12' title="bbox 169 1701 1308 1784; baseline 0.001 -18"><span class='ocrx_word' id='word_1_95' title='bbox 169 1703 301 1766; x_wconf 89' lang='lat' dir='ltr'>uitatem</span> <span class='ocrx_word' id='word_1_96' title='bbox 334 1702 474 1784; x_wconf 87' lang='lat' dir='ltr'>aequalis</span> <span class='ocrx_word' id='word_1_97' title='bbox 502 1702 593 1784; x_wconf 88' lang='lat' dir='ltr'>putri,</span> <span class='ocrx_word' id='word_1_98' title='bbox 624 1701 1050 1766; x_wconf 77' lang='lat' dir='ltr'>secundum&#39;humuuitatem</span> <span class='ocrx_word' id='word_1_99' title='bbox 1081 1703 1182 1767; x_wconf 91' lang='lat' dir='ltr'>minor</span> <span class='ocrx_word' id='word_1_100' title='bbox 1213 1703 1308 1768; x_wconf 89' lang='lat' dir='ltr'>etiam</span> 
     </span>
     <span class='ocr_line' id='line_1_13' title="bbox 167 1805 860 1889; baseline -0.001 -20"><span class='ocrx_word' id='word_1_101' title='bbox 167 1806 288 1889; x_wconf 86' lang='lat' dir='ltr'>angelis</span> <span class='ocrx_word' id='word_1_102' title='bbox 313 1809 342 1870; x_wconf 87' lang='grc'><strong>61</strong></span> <span class='ocrx_word' id='word_1_103' title='bbox 365 1806 466 1870; x_wconf 90' lang='lat' dir='ltr'>iunior</span> <span class='ocrx_word' id='word_1_104' title='bbox 489 1807 593 1886; x_wconf 85' lang='lat' dir='ltr'>matri,</span> <span class='ocrx_word' id='word_1_105' title='bbox 617 1825 710 1888; x_wconf 89' lang='lat' dir='ltr'>quam</span> <span class='ocrx_word' id='word_1_106' title='bbox 734 1805 860 1869; x_wconf 91' lang='lat' dir='ltr'>creauit.</span> 
     </span>
    </p>

    <p class='ocr_par' dir='ltr' id='par_1_3' title="bbox 164 1909 1431 3768">
     <span class='ocr_line' id='line_1_14' title="bbox 209 1909 1308 1993; baseline 0.001 -19"><span class='ocrx_word' id='word_1_107' title='bbox 209 1910 297 1974; x_wconf 90' lang='lat' dir='ltr'>Haec</span> <span class='ocrx_word' id='word_1_108' title='bbox 328 1914 401 1974; x_wconf 92' lang='lat' dir='ltr'>sunt</span> <span class='ocrx_word' id='word_1_109' title='bbox 434 1911 517 1974; x_wconf 86' lang='lat' dir='ltr'>uitae</span> <span class='ocrx_word' id='word_1_110' title='bbox 549 1928 584 1974; x_wconf 90' lang='lat' dir='ltr'>ac</span> <span class='ocrx_word' id='word_1_111' title='bbox 618 1911 684 1993; x_wconf 92' lang='lat' dir='ltr'>spei</span> <span class='ocrx_word' id='word_1_112' title='bbox 714 1913 838 1974; x_wconf 88' lang='lat' dir='ltr'>nestrae</span> <span class='ocrx_word' id='word_1_113' title='bbox 869 1909 1058 1974; x_wconf 87' lang='lat' dir='ltr'>solidissima</span> <span class='ocrx_word' id='word_1_114' title='bbox 1091 1910 1308 1975; x_wconf 85' lang='lat' dir='ltr'>fundamenta.</span> 
     </span>
     <span class='ocr_line' id='line_1_15' title="bbox 167 2013 1310 2098; baseline 0 -20"><span class='ocrx_word' id='word_1_115' title='bbox 167 2017 276 2094; x_wconf 89' lang='lat' dir='ltr'>restat,</span> <span class='ocrx_word' id='word_1_116' title='bbox 304 2018 339 2078; x_wconf 88' lang='lat' dir='ltr'>ut</span> <span class='ocrx_word' id='word_1_117' title='bbox 362 2033 455 2098; x_wconf 89' lang='lat' dir='ltr'>super</span> <span class='ocrx_word' id='word_1_118' title='bbox 478 2014 554 2078; x_wconf 87' lang='lat' dir='ltr'>haec</span> <span class='ocrx_word' id='word_1_119' title='bbox 586 2015 739 2078; x_wconf 76' lang='lat' dir='ltr'>locrorum</span> <span class='ocrx_word' id='word_1_120' title='bbox 768 2013 857 2079; x_wconf 90' lang='lat' dir='ltr'>nobis</span> <span class='ocrx_word' id='word_1_121' title='bbox 888 2032 1017 2097; x_wconf 90' lang='lat' dir='ltr'>operum</span> <span class='ocrx_word' id='word_1_122' title='bbox 1046 2017 1203 2078; x_wconf 82' lang='lat' dir='ltr'>structura</span> <span class='ocrx_word' id='word_1_123' title='bbox 1234 2033 1310 2080; x_wconf 92' lang='lat' dir='ltr'>con-</span> 
     </span>
     <span class='ocr_line' id='line_1_16' title="bbox 168 2118 1362 2203; baseline -0.002 -21"><span class='ocrx_word' id='word_1_124' title='bbox 168 2123 285 2203; x_wconf 85' lang='lat' dir='ltr'>surgat,</span> <span class='ocrx_word' id='word_1_125' title='bbox 314 2118 397 2201; x_wconf 92' lang='lat' dir='ltr'>quod</span> <span class='ocrx_word' id='word_1_126' title='bbox 425 2119 532 2201; x_wconf 90' lang='lat' dir='ltr'>utique</span> <span class='ocrx_word' id='word_1_127' title='bbox 556 2118 768 2183; x_wconf 86' lang='lat' dir='ltr'>obtinebimus</span> <span class='ocrx_word' id='word_1_128' title='bbox 797 2119 947 2183; x_wconf 88' lang='lat' dir='ltr'>imitando</span> <span class='ocrx_word' id='word_1_129' title='bbox 976 2119 1075 2200; x_wconf 90' lang='lat' dir='ltr'>illum,</span> <span class='ocrx_word' id='word_1_130' title='bbox 1104 2120 1156 2201; x_wconf 93' lang='lat' dir='ltr'>qni</span> <span class='ocrx_word' id='word_1_131' title='bbox 1179 2119 1248 2184; x_wconf 92' lang='lat' dir='ltr'>ideo</span> <span class='ocrx_word' id='word_1_132' title='bbox 1272 2139 1308 2184; x_wconf 85' lang='lat' dir='ltr'>ex</span> <span class='ocrx_word' id='word_1_133' title='bbox 1337 2139 1362 2182; x_wconf 82' lang='lat'>1⁵</span> 
     </span>
     <span class='ocr_line' id='line_1_17' title="bbox 167 2223 1310 2306; baseline 0.001 -19"><span class='ocrx_word' id='word_1_134' title='bbox 167 2223 224 2289; x_wconf 92' lang='lat' dir='ltr'>deo</span> <span class='ocrx_word' id='word_1_135' title='bbox 247 2225 341 2288; x_wconf 91' lang='lat' dir='ltr'>homo</span> <span class='ocrx_word' id='word_1_136' title='bbox 368 2224 470 2288; x_wconf 85' lang='lat' dir='ltr'>factus</span> <span class='ocrx_word' id='word_1_137' title='bbox 499 2227 555 2304; x_wconf 88' lang='lat' dir='ltr'>est,</span> <span class='ocrx_word' id='word_1_138' title='bbox 583 2227 619 2287; x_wconf 90' lang='lat' dir='ltr'>ut</span> <span class='ocrx_word' id='word_1_139' title='bbox 645 2224 735 2288; x_wconf 92' lang='lat' dir='ltr'>illum</span> <span class='ocrx_word' id='word_1_140' title='bbox 762 2223 918 2306; x_wconf 89' lang='lat' dir='ltr'>possimus</span> <span class='ocrx_word' id='word_1_141' title='bbox 945 2223 1070 2288; x_wconf 92' lang='lat' dir='ltr'>imitari.</span> <span class='ocrx_word' id='word_1_142' title='bbox 1115 2223 1310 2288; x_wconf 88' lang='lat' dir='ltr'>imitabimur</span> 
     </span>
     <span class='ocr_line' id='line_1_18' title="bbox 167 2323 1431 2412; baseline 0 -20"><span class='ocrx_word' id='word_1_143' title='bbox 167 2332 274 2392; x_wconf 90' lang='lat' dir='ltr'>autem</span> <span class='ocrx_word' id='word_1_144' title='bbox 302 2329 395 2392; x_wconf 92' lang='lat' dir='ltr'>deum</span> <span class='ocrx_word' id='word_1_145' title='bbox 422 2327 615 2412; x_wconf 89' lang='lat' dir='ltr'>neglegendo</span> <span class='ocrx_word' id='word_1_146' title='bbox 644 2327 814 2408; x_wconf 84' lang='lat' dir='ltr'>saeculum,</span> <span class='ocrx_word' id='word_1_147' title='bbox 842 2328 970 2392; x_wconf 90' lang='lat' dir='ltr'>iniurias</span> <span class='ocrx_word' id='word_1_148' title='bbox 994 2346 1056 2392; x_wconf 92' lang='lat' dir='ltr'>non</span> <span class='ocrx_word' id='word_1_149' title='bbox 1083 2329 1308 2411; x_wconf 86' lang='lat' dir='ltr'>persequendo,</span> <span class='ocrx_word' id='word_1_150' title='bbox 1422 2323 1431 2330; x_wconf 84' lang='grc'><strong>’</strong></span> 
     </span>
     <span class='ocr_line' id='line_1_19' title="bbox 166 2431 1309 2516; baseline 0.001 -20"><span class='ocrx_word' id='word_1_151' title='bbox 166 2434 346 2498; x_wconf 88' lang='lat' dir='ltr'>uoluntates</span> <span class='ocrx_word' id='word_1_152' title='bbox 373 2433 514 2516; x_wconf 88' lang='lat' dir='ltr'>proprias</span> <span class='ocrx_word' id='word_1_153' title='bbox 541 2433 724 2516; x_wconf 87' lang='lat' dir='ltr'>respuendo,</span> <span class='ocrx_word' id='word_1_154' title='bbox 753 2431 955 2496; x_wconf 88' lang='lat' dir='ltr'>subiectionis</span> <span class='ocrx_word' id='word_1_155' title='bbox 983 2432 1115 2515; x_wconf 88' lang='lat' dir='ltr'>gloriam</span> <span class='ocrx_word' id='word_1_156' title='bbox 1143 2433 1309 2516; x_wconf 90' lang='lat' dir='ltr'>diligendo,</span> 
     </span>
     <span class='ocr_line' id='line_1_20' title="bbox 167 2537 1310 2621; baseline -0.002 -19"><span class='ocrx_word' id='word_1_157' title='bbox 167 2537 384 2602; x_wconf 87' lang='lat' dir='ltr'>tribulationes</span> <span class='ocrx_word' id='word_1_158' title='bbox 413 2537 655 2621; x_wconf 86' lang='lat' dir='ltr'>magnanimiter</span> <span class='ocrx_word' id='word_1_159' title='bbox 682 2537 874 2617; x_wconf 85' lang='lat' dir='ltr'>sustinendo,</span> <span class='ocrx_word' id='word_1_160' title='bbox 902 2537 1034 2601; x_wconf 89' lang='lat' dir='ltr'>honores</span> <span class='ocrx_word' id='word_1_161' title='bbox 1063 2555 1099 2600; x_wconf 91' lang='lat' dir='ltr'>ac</span> <span class='ocrx_word' id='word_1_162' title='bbox 1126 2537 1250 2601; x_wconf 90' lang='lat' dir='ltr'>diuitias</span> <span class='ocrx_word' id='word_1_163' title='bbox 1279 2540 1310 2601; x_wconf 94' lang='lat' dir='ltr'>et</span> 
     </span>
     <span class='ocr_line' id='line_1_21' title="bbox 166 2641 1361 2724; baseline -0.004 -18"><span class='ocrx_word' id='word_1_164' title='bbox 166 2641 381 2707; x_wconf 80' lang='lat' dir='ltr'>dilectationes</span> <span class='ocrx_word' id='word_1_165' title='bbox 404 2641 497 2706; x_wconf 92' lang='lat' dir='ltr'>huius</span> <span class='ocrx_word' id='word_1_166' title='bbox 521 2641 654 2724; x_wconf 89' lang='lat' dir='ltr'>corporis</span> <span class='ocrx_word' id='word_1_167' title='bbox 679 2641 870 2706; x_wconf 90' lang='lat' dir='ltr'>declinando.</span> <span class='ocrx_word' id='word_1_168' title='bbox 910 2645 977 2705; x_wconf 88' lang='lat' dir='ltr'>tcta</span> <span class='ocrx_word' id='word_1_169' title='bbox 996 2641 1100 2724; x_wconf 89' lang='lat' dir='ltr'>itaque</span> <span class='ocrx_word' id='word_1_170' title='bbox 1125 2641 1212 2706; x_wconf 90' lang='lat' dir='ltr'>nobis</span> <span class='ocrx_word' id='word_1_171' title='bbox 1236 2641 1309 2706; x_wconf 93' lang='lat' dir='ltr'>illue</span> <span class='ocrx_word' id='word_1_172' title='bbox 1336 2661 1361 2701; x_wconf 77' lang='lat' dir='ltr'>ao</span> 
     </span>
     <span class='ocr_line' id='line_1_22' title="bbox 165 2745 1310 2828; baseline -0.001 -17"><span class='ocrx_word' id='word_1_173' title='bbox 165 2747 407 2826; x_wconf 86' lang='lat' dir='ltr'>oblectamenta,</span> <span class='ocrx_word' id='word_1_174' title='bbox 436 2749 535 2810; x_wconf 89' lang='lat' dir='ltr'>totam</span> <span class='ocrx_word' id='word_1_175' title='bbox 562 2746 702 2828; x_wconf 92' lang='lat' dir='ltr'>requiem</span> <span class='ocrx_word' id='word_1_176' title='bbox 725 2746 757 2809; x_wconf 93' lang='lat' dir='ltr'>in</span> <span class='ocrx_word' id='word_1_177' title='bbox 782 2745 867 2810; x_wconf 89' lang='lat' dir='ltr'>illam</span> <span class='ocrx_word' id='word_1_178' title='bbox 891 2745 1031 2809; x_wconf 84' lang='lat' dir='ltr'>suturam</span> <span class='ocrx_word' id='word_1_179' title='bbox 1053 2746 1187 2828; x_wconf 88' lang='lat' dir='ltr'>patriam</span> <span class='ocrx_word' id='word_1_180' title='bbox 1209 2765 1310 2810; x_wconf 89' lang='lat' dir='ltr'>reser-</span> 
     </span>
     <span class='ocr_line' id='line_1_23' title="bbox 165 2847 1309 2932; baseline -0.001 -17"><span class='ocrx_word' id='word_1_181' title='bbox 165 2869 279 2916; x_wconf 87' lang='lat' dir='ltr'>uemus</span> <span class='ocrx_word' id='word_1_182' title='bbox 307 2853 338 2914; x_wconf 92' lang='lat' dir='ltr'>et</span> <span class='ocrx_word' id='word_1_183' title='bbox 367 2848 528 2914; x_wconf 87' lang='lat' dir='ltr'>libertates</span> <span class='ocrx_word' id='word_1_184' title='bbox 552 2867 588 2913; x_wconf 90' lang='lat' dir='ltr'>ac</span> <span class='ocrx_word' id='word_1_185' title='bbox 609 2850 821 2932; x_wconf 89' lang='lat' dir='ltr'>praesentium</span> <span class='ocrx_word' id='word_1_186' title='bbox 845 2849 1018 2914; x_wconf 90' lang='lat' dir='ltr'>inlecebras</span> <span class='ocrx_word' id='word_1_187' title='bbox 1041 2847 1104 2932; x_wconf 87' lang='lat' dir='ltr'>&lt;ac)</span> <span class='ocrx_word' id='word_1_188' title='bbox 1127 2849 1309 2931; x_wconf 87' lang='lat' dir='ltr'>cupiditates</span> 
     </span>
     <span class='ocr_line' id='line_1_24' title="bbox 164 2953 1307 3036; baseline -0.001 -17"><span class='ocrx_word' id='word_1_189' title='bbox 164 2955 344 3019; x_wconf 86' lang='lat' dir='ltr'>futurorum</span> <span class='ocrx_word' id='word_1_190' title='bbox 367 2954 527 3018; x_wconf 88' lang='lat' dir='ltr'>desideriis</span> <span class='ocrx_word' id='word_1_191' title='bbox 551 2971 738 3036; x_wconf 88' lang='lat' dir='ltr'>occupemus</span> <span class='ocrx_word' id='word_1_192' title='bbox 763 2954 836 3018; x_wconf 92' lang='lat' dir='ltr'>illuc</span> <span class='ocrx_word' id='word_1_193' title='bbox 860 2953 971 3017; x_wconf 83' lang='lat' dir='ltr'>cotidie</span> <span class='ocrx_word' id='word_1_194' title='bbox 995 2953 1200 3036; x_wconf 81' lang='lat' dir='ltr'>suspirantes,</span> <span class='ocrx_word' id='word_1_195' title='bbox 1232 2954 1307 3018; x_wconf 91' lang='lat' dir='ltr'>illuc</span> 
     </span>
     <span class='ocr_line' id='line_1_25' title="bbox 164 3057 1308 3142; baseline -0.002 -17"><span class='ocrx_word' id='word_1_196' title='bbox 164 3059 251 3125; x_wconf 89' lang='lat' dir='ltr'>cordi</span> <span class='ocrx_word' id='word_1_197' title='bbox 264 3063 370 3124; x_wconf 90' lang='lat' dir='ltr'>nostro</span> <span class='ocrx_word' id='word_1_198' title='bbox 382 3059 549 3124; x_wconf 89' lang='lat' dir='ltr'>momentis</span> <span class='ocrx_word' id='word_1_199' title='bbox 562 3059 707 3123; x_wconf 90' lang='lat' dir='ltr'>omnibns</span> <span class='ocrx_word' id='word_1_200' title='bbox 719 3063 968 3142; x_wconf 89' lang='lat' dir='ltr'>praesentantes,</span> <span class='ocrx_word' id='word_1_201' title='bbox 985 3057 1079 3140; x_wconf 92' lang='lat' dir='ltr'>quod</span> <span class='ocrx_word' id='word_1_202' title='bbox 1093 3059 1221 3122; x_wconf 91' lang='lat' dir='ltr'>oculus</span> <span class='ocrx_word' id='word_1_203' title='bbox 1238 3076 1308 3123; x_wconf 91' lang='lat' dir='ltr'>nou</span> 
     </span>
     <span class='ocr_line' id='line_1_26' title="bbox 164 3162 1360 3246; baseline 0.003 -20"><span class='ocrx_word' id='word_1_204' title='bbox 164 3164 262 3228; x_wconf 90' lang='lat' dir='ltr'>uidit</span> <span class='ocrx_word' id='word_1_205' title='bbox 285 3181 352 3227; x_wconf 91' lang='lat' dir='ltr'>nec</span> <span class='ocrx_word' id='word_1_206' title='bbox 374 3164 475 3227; x_wconf 87' lang='lat' dir='ltr'>auris</span> <span class='ocrx_word' id='word_1_207' title='bbox 498 3163 657 3243; x_wconf 87' lang='lat' dir='ltr'>audiuit,</span> <span class='ocrx_word' id='word_1_208' title='bbox 681 3163 757 3226; x_wconf 93' lang='lat' dir='ltr'>illud</span> <span class='ocrx_word' id='word_1_209' title='bbox 782 3163 848 3226; x_wconf 91' lang='lat' dir='ltr'>sine</span> <span class='ocrx_word' id='word_1_210' title='bbox 873 3162 1105 3226; x_wconf 88' lang='lat' dir='ltr'>intermissione</span> <span class='ocrx_word' id='word_1_211' title='bbox 1122 3163 1306 3246; x_wconf 85' lang='lat' dir='ltr'>cogitantes,</span> <span class='ocrx_word' id='word_1_212' title='bbox 1334 3190 1360 3230; x_wconf 75' lang='lat'>2⁵</span> 
     </span>
     <span class='ocr_line' id='line_1_27' title="bbox 164 3267 1308 3351; baseline 0 -19"><span class='ocrx_word' id='word_1_213' title='bbox 164 3267 321 3351; x_wconf 88' lang='lat' dir='ltr'>quomodo</span> <span class='ocrx_word' id='word_1_214' title='bbox 356 3267 449 3351; x_wconf 90' lang='lat' dir='ltr'>digne</span> <span class='ocrx_word' id='word_1_215' title='bbox 487 3285 685 3332; x_wconf 89' lang='lat' dir='ltr'>occurremus</span> <span class='ocrx_word' id='word_1_216' title='bbox 721 3267 759 3330; x_wconf 91' lang='lat' dir='ltr'>ad</span> <span class='ocrx_word' id='word_1_217' title='bbox 798 3267 886 3331; x_wconf 92' lang='lat' dir='ltr'>illum</span> <span class='ocrx_word' id='word_1_218' title='bbox 921 3267 1093 3330; x_wconf 87' lang='lat' dir='ltr'>secundum</span> <span class='ocrx_word' id='word_1_219' title='bbox 1128 3267 1308 3332; x_wconf 88' lang='lat' dir='ltr'>tremendae</span> 
     </span>
     <span class='ocr_line' id='line_1_28' title="bbox 166 3370 1308 3452; baseline 0 -16"><span class='ocrx_word' id='word_1_220' title='bbox 166 3373 340 3436; x_wconf 87' lang='lat' dir='ltr'>maiestatis</span> <span class='ocrx_word' id='word_1_221' title='bbox 369 3373 538 3436; x_wconf 90' lang='lat' dir='ltr'>aduentum</span> <span class='ocrx_word' id='word_1_222' title='bbox 566 3373 719 3436; x_wconf 90' lang='lat' dir='ltr'>rationem</span> <span class='ocrx_word' id='word_1_223' title='bbox 748 3372 784 3435; x_wconf 93' lang='lat' dir='ltr'>de</span> <span class='ocrx_word' id='word_1_224' title='bbox 813 3371 944 3452; x_wconf 70' lang='lat' dir='ltr'>actibus</span> <span class='ocrx_word' id='word_1_225' title='bbox 974 3371 1011 3435; x_wconf 91' lang='lat' dir='ltr'>de</span> <span class='ocrx_word' id='word_1_226' title='bbox 1039 3370 1246 3452; x_wconf 90' lang='lat' dir='ltr'>sermonibus,</span> <span class='ocrx_word' id='word_1_227' title='bbox 1270 3372 1308 3436; x_wconf 93' lang='lat' dir='ltr'>de</span> 
     </span>
     <span class='ocr_line' id='line_1_29' title="bbox 165 3475 1307 3561; baseline -0.001 -20"><span class='ocrx_word' id='word_1_228' title='bbox 165 3475 409 3561; x_wconf 87' lang='lat' dir='ltr'>cogitationibus</span> <span class='ocrx_word' id='word_1_229' title='bbox 432 3477 591 3556; x_wconf 88' lang='lat' dir='ltr'>reddituri,</span> <span class='ocrx_word' id='word_1_230' title='bbox 620 3477 665 3540; x_wconf 90' lang='lat' dir='ltr'>ite</span> <span class='ocrx_word' id='word_1_231' title='bbox 688 3481 827 3560; x_wconf 68' lang='lat' dir='ltr'>agentes</span> <span class='ocrx_word' id='word_1_232' title='bbox 855 3478 898 3540; x_wconf 90' lang='lat' dir='ltr'>ita</span> <span class='ocrx_word' id='word_1_233' title='bbox 920 3477 952 3540; x_wconf 92' lang='lat' dir='ltr'>in</span> <span class='ocrx_word' id='word_1_234' title='bbox 979 3477 1046 3540; x_wconf 92' lang='lat' dir='ltr'>loco</span> <span class='ocrx_word' id='word_1_235' title='bbox 1069 3479 1307 3558; x_wconf 84' lang='lat' dir='ltr'>perseuerantes</span> 
     </span>
     <span class='ocr_line' id='line_1_30' title="bbox 166 3580 1307 3664; baseline 0 -20"><span class='ocrx_word' id='word_1_236' title='bbox 166 3582 258 3664; x_wconf 89' lang='lat' dir='ltr'>qnasi</span> <span class='ocrx_word' id='word_1_237' title='bbox 286 3581 397 3645; x_wconf 86' lang='lat' dir='ltr'>cotidie</span> <span class='ocrx_word' id='word_1_238' title='bbox 426 3581 463 3644; x_wconf 89' lang='lat' dir='ltr'>de</span> <span class='ocrx_word' id='word_1_239' title='bbox 490 3581 549 3644; x_wconf 91' lang='lat' dir='ltr'>hac</span> <span class='ocrx_word' id='word_1_240' title='bbox 577 3581 642 3644; x_wconf 90' lang='lat' dir='ltr'>uita</span> <span class='ocrx_word' id='word_1_241' title='bbox 668 3581 837 3644; x_wconf 86' lang='lat' dir='ltr'>transituri.</span> <span class='ocrx_word' id='word_1_242' title='bbox 884 3581 989 3645; x_wconf 89' lang='lat' dir='ltr'>odies</span> <span class='ocrx_word' id='word_1_243' title='bbox 1017 3581 1138 3644; x_wconf 90' lang='lat' dir='ltr'>dierum</span> <span class='ocrx_word' id='word_1_244' title='bbox 1166 3580 1307 3644; x_wconf 94' lang='lat' dir='ltr'>omnium</span> 
     </span>
     <span class='ocr_line' id='line_1_31' title="bbox 167 3685 1361 3768; baseline 0.003 -18"><span class='ocrx_word' id='word_1_245' title='bbox 167 3685 300 3766; x_wconf 89' lang='lat' dir='ltr'>nouitas,</span> <span class='ocrx_word' id='word_1_246' title='bbox 324 3686 446 3750; x_wconf 89' lang='lat' dir='ltr'>lucrum</span> <span class='ocrx_word' id='word_1_247' title='bbox 469 3685 548 3750; x_wconf 90' lang='lat' dir='ltr'>lucis</span> <span class='ocrx_word' id='word_1_248' title='bbox 572 3691 603 3749; x_wconf 89' lang='lat' dir='ltr'>et</span> <span class='ocrx_word' id='word_1_249' title='bbox 618 3686 814 3768; x_wconf 91' lang='lat' dir='ltr'>dispendium</span> <span class='ocrx_word' id='word_1_250' title='bbox 837 3686 1004 3766; x_wconf 87' lang='lat' dir='ltr'>caecitatis,</span> <span class='ocrx_word' id='word_1_251' title='bbox 1028 3685 1060 3749; x_wconf 94' lang='lat' dir='ltr'>in</span> <span class='ocrx_word' id='word_1_252' title='bbox 1077 3703 1137 3768; x_wconf 90' lang='lat' dir='ltr'>quo</span> <span class='ocrx_word' id='word_1_253' title='bbox 1161 3688 1307 3750; x_wconf 88' lang='lat' dir='ltr'>aeternus</span> <span class='ocrx_word' id='word_1_254' title='bbox 1335 3712 1361 3753; x_wconf 80' lang='lat' dir='ltr'>eo</span> 
     </span>
    </p>
   </div>
   <div class='ocr_carea' id='block_1_3' title="bbox 271 3882 505 3954">
    <p class='ocr_par' dir='ltr' id='par_1_4' title="bbox 271 3882 505 3954">
     <span class='ocr_line' id='line_1_32' title="bbox 271 3882 505 3954; baseline -0.009 -15"><span class='ocrx_word' id='word_1_255' title='bbox 271 3883 317 3954; x_wconf 86' lang='grc'>24]</span> <span class='ocrx_word' id='word_1_256' title='bbox 339 3886 351 3938; x_wconf 95' lang='grc'><strong>1</strong></span> <span class='ocrx_word' id='word_1_257' title='bbox 372 3882 430 3938; x_wconf 88' lang='lat' dir='ltr'>Cer.</span> <span class='ocrx_word' id='word_1_258' title='bbox 444 3885 467 3952; x_wconf 82' lang='lat'>2,</span> <span class='ocrx_word' id='word_1_259' title='bbox 481 3887 505 3939; x_wconf 88' lang='lat'>9.</span> 
     </span>
    </p>
   </div>
   <div class='ocr_carea' id='block_1_4' title="bbox 168 4024 1309 4217">
    <p class='ocr_par' dir='ltr' id='par_1_5' title="bbox 168 4024 1309 4217">
     <span class='ocr_line' id='line_1_33' title="bbox 210 4024 1309 4128; baseline 0.001 -14"><span class='ocrx_word' id='word_1_260' title='bbox 210 4058 362 4128; x_wconf 86' lang='lat' dir='ltr'>loperatio</span> <span class='ocrx_word' id='word_1_261' title='bbox 380 4060 487 4128; x_wconf 77' lang='lat' dir='ltr'>scripsi,</span> <span class='ocrx_word' id='word_1_262' title='bbox 505 4059 616 4128; x_wconf 77' lang='lat' dir='ltr'>operatu</span> <span class='ocrx_word' id='word_1_263' title='bbox 635 4061 664 4114; x_wconf 89' lang='lat' dir='ltr'><em>D</em></span> <span class='ocrx_word' id='word_1_264' title='bbox 729 4059 831 4114; x_wconf 73' lang='lat' dir='ltr'>baliut</span> <span class='ocrx_word' id='word_1_265' title='bbox 849 4059 878 4113; x_wconf 90' lang='lat' dir='ltr'><strong><em>D</em></strong></span> <span class='ocrx_word' id='word_1_266' title='bbox 944 4060 977 4114; x_wconf 89' lang='lat'>13</span> <span class='ocrx_word' id='word_1_267' title='bbox 995 4058 1050 4110; x_wconf 89' lang='lat' dir='ltr'>uite</span> <span class='ocrx_word' id='word_1_268' title='bbox 1069 4059 1099 4112; x_wconf 89' lang='lat' dir='ltr'><em>D</em></span> <span class='ocrx_word' id='word_1_269' title='bbox 1171 4024 1260 4113; x_wconf 55' lang='lat' dir='ltr'>roffio</span> <span class='ocrx_word' id='word_1_270' title='bbox 1280 4061 1309 4115; x_wconf 89' lang='lat' dir='ltr'><em>D</em></span> 
     </span>
     <span class='ocr_line' id='line_1_34' title="bbox 168 4144 1309 4217; baseline 0.003 -19"><span class='ocrx_word' id='word_1_271' title='bbox 168 4145 304 4200; x_wconf 85' lang='lat' dir='ltr'>solidisma</span> <span class='ocrx_word' id='word_1_272' title='bbox 322 4145 351 4200; x_wconf 91' lang='lat' dir='ltr'><em>D</em></span> <span class='ocrx_word' id='word_1_273' title='bbox 407 4149 436 4201; x_wconf 87' lang='lat'>15</span> <span class='ocrx_word' id='word_1_274' title='bbox 454 4145 632 4200; x_wconf 87' lang='lat' dir='ltr'>emitandoD</span> <span class='ocrx_word' id='word_1_275' title='bbox 678 4149 709 4202; x_wconf 83' lang='lat'>16</span> <span class='ocrx_word' id='word_1_276' title='bbox 727 4147 837 4217; x_wconf 68' lang='lat' dir='ltr'>amitere</span> <span class='ocrx_word' id='word_1_277' title='bbox 856 4144 1069 4216; x_wconf 71' lang='lat' dir='ltr'>emitabimurD</span> <span class='ocrx_word' id='word_1_278' title='bbox 1124 4147 1155 4201; x_wconf 84' lang='lat'>17</span> <span class='ocrx_word' id='word_1_279' title='bbox 1173 4145 1262 4199; x_wconf 72' lang='lat' dir='ltr'>seculi</span> <span class='ocrx_word' id='word_1_280' title='bbox 1280 4147 1309 4201; x_wconf 91' lang='lat' dir='ltr'><strong><em>D</em></strong></span> 
     </span>
    </p>
   </div>
   <div class='ocr_carea' id='block_1_5' title="bbox 167 4219 1309 4502">
    <p class='ocr_par' dir='ltr' id='par_1_6' title="bbox 167 4219 1309 4502">
     <span class='ocr_line' id='line_1_35' title="bbox 167 4219 1309 4328; baseline 0.002 -16"><span class='ocrx_word' id='word_1_281' title='bbox 167 4219 373 4314; x_wconf 53' lang='grc' dir='ltr'><strong>211111166ἳί666</strong></span> <span class='ocrx_word' id='word_1_282' title='bbox 392 4259 421 4314; x_wconf 92' lang='lat' dir='ltr'><strong><em>D</em></strong></span> <span class='ocrx_word' id='word_1_283' title='bbox 474 4261 507 4314; x_wconf 83' lang='lat'>22</span> <span class='ocrx_word' id='word_1_284' title='bbox 526 4275 556 4312; x_wconf 90' lang='lat' dir='ltr'>ac</span> <span class='ocrx_word' id='word_1_285' title='bbox 575 4259 681 4326; x_wconf 79' lang='lat' dir='ltr'>addidi,</span> <span class='ocrx_word' id='word_1_286' title='bbox 700 4275 751 4314; x_wconf 88' lang='lat' dir='ltr'>om.</span> <span class='ocrx_word' id='word_1_287' title='bbox 767 4259 794 4312; x_wconf 90' lang='lat' dir='ltr'><em>D</em></span> <span class='ocrx_word' id='word_1_288' title='bbox 846 4255 996 4328; x_wconf 67' lang='grc'><strong>2366111116</strong></span> <span class='ocrx_word' id='word_1_289' title='bbox 1016 4258 1045 4312; x_wconf 90' lang='lat' dir='ltr'><strong><em>D</em></strong></span> <span class='ocrx_word' id='word_1_290' title='bbox 1119 4225 1309 4314; x_wconf 65' lang='grc'><strong>2466111361)</strong></span> 
     </span>
     <span class='ocr_line' id='line_1_36' title="bbox 167 4343 1308 4418; baseline 0 -16"><span class='ocrx_word' id='word_1_291' title='bbox 167 4347 199 4402; x_wconf 82' lang='grc'>25</span> <span class='ocrx_word' id='word_1_292' title='bbox 217 4363 294 4400; x_wconf 81' lang='lat' dir='ltr'>aures</span> <span class='ocrx_word' id='word_1_293' title='bbox 313 4347 343 4402; x_wconf 89' lang='lat' dir='ltr'><strong><em>D</em></strong></span> <span class='ocrx_word' id='word_1_294' title='bbox 403 4348 437 4401; x_wconf 90' lang='grc'>26</span> <span class='ocrx_word' id='word_1_295' title='bbox 454 4346 592 4400; x_wconf 85' lang='lat' dir='ltr'>tremende</span> <span class='ocrx_word' id='word_1_296' title='bbox 610 4346 640 4401; x_wconf 92' lang='lat' dir='ltr'><strong><em>D</em></strong></span> <span class='ocrx_word' id='word_1_297' title='bbox 700 4347 734 4402; x_wconf 90' lang='grc'>29</span> <span class='ocrx_word' id='word_1_298' title='bbox 753 4343 865 4400; x_wconf 84' lang='lat' dir='ltr'>cotidiae</span> <span class='ocrx_word' id='word_1_299' title='bbox 885 4345 914 4400; x_wconf 91' lang='lat' dir='ltr'><strong><em>D</em></strong></span> <span class='ocrx_word' id='word_1_300' title='bbox 971 4344 1061 4400; x_wconf 86' lang='lat' dir='ltr'>odies</span> <span class='ocrx_word' id='word_1_301' title='bbox 1080 4348 1160 4418; x_wconf 73' lang='lat' dir='ltr'>Aug,</span> <span class='ocrx_word' id='word_1_302' title='bbox 1179 4345 1262 4400; x_wconf 74' lang='lat' dir='ltr'>hodie</span> <span class='ocrx_word' id='word_1_303' title='bbox 1280 4345 1308 4402; x_wconf 89' lang='lat' dir='ltr'><strong><em>D</em></strong></span> 
     </span>
     <span class='ocr_line' id='line_1_37' title="bbox 167 4433 607 4502; baseline -0.002 -12"><span class='ocrx_word' id='word_1_304' title='bbox 167 4436 199 4490; x_wconf 84' lang='grc'><strong>31)</strong></span> <span class='ocrx_word' id='word_1_305' title='bbox 240 4434 350 4488; x_wconf 80' lang='lat' dir='ltr'>&#39;nouitas</span> <span class='ocrx_word' id='word_1_306' title='bbox 369 4433 398 4488; x_wconf 91' lang='lat' dir='ltr'><strong><em>D</em></strong></span> <span class='ocrx_word' id='word_1_307' title='bbox 416 4433 473 4502; x_wconf 88' lang='lat' dir='ltr'>(diu</span> <span class='ocrx_word' id='word_1_308' title='bbox 492 4436 523 4489; x_wconf 79' lang='lat' dir='ltr'>in</span> <span class='ocrx_word' id='word_1_309' title='bbox 540 4435 607 4501; x_wconf 85' lang='lat' dir='ltr'>ros.)</span> 
     </span>
    </p>
   </div>
   <div class='ocr_carea' id='block_1_6' title="bbox 0 0 1616 5144">
    <p class='ocr_par' dir='ltr' id='par_1_7' title="bbox 0 0 1616 5144">
     <span class='ocr_line' id='line_1_38' title="bbox 0 0 1616 5144; baseline 0 0"><span class='ocrx_word' id='word_1_310' title='bbox 0 0 1616 5144; x_wconf 95' lang='lat' dir='ltr'> </span> 
     </span>
    </p>
   </div>
  </div>
 </body>
</html>
