3264 5134
302 484 345 548 42
764 485 785 538 Ι.
805 485 849 538 De
867 483 976 552 gratia

303 662 382 725 sine
406 661 484 724 ulla
505 662 748 725 miseratione
772 661 913 726 duobus
935 661 994 725 uel
1011 659 1136 724 tribus
1153 659 1316 724 testibus
1332 662 1440 726 mori-

303 771 375 846 tur,
399 769 534 847 quanto
558 765 677 848 magis
700 766 842 847 putatis
870 766 1054 830 deteriora
1077 765 1210 829 mereri
1238 766 1437 848 supplicia,

303 871 366 952 qui
388 871 511 934 filium
535 869 593 933 dei
616 871 896 935 conculeanerit
918 875 954 932 et
977 870 1196 952 sangninem
1219 871 1437 934 testamenti

301 976 485 1058 pollutum
510 975 671 1054 duxerit,
694 975 730 1038 iu
754 992 823 1056 quo
847 975 1113 1038 sanctificatus
1137 979 1207 1054 est,
1231 977 1266 1038 et
1289 975 1439 1056 spiritui

263 1107 275 1146 s
302 1081 448 1165 gratiae
471 1080 736 1144 oontumoliam
759 1080 915 1144 feeerit?

346 1184 407 1249 Cur
430 1185 487 1248 snb
512 1183 632 1248 duobus
656 1188 709 1250 aut
728 1185 827 1248 tribus
844 1184 975 1248 testibus
992 1189 1154 1248 ooousatur
1175 1187 1206 1247 et
1221 1183 1309 1264 quasi
1325 1184 1439 1266 proprii

302 1289 439 1354 criminis
462 1308 534 1352 reus
557 1291 696 1369 moritur,
720 1291 746 1352 si
769 1291 831 1352 iam
855 1288 1028 1354 ineuitabili
1048 1289 1086 1352 ad
1102 1288 1292 1371 peooandnm
1309 1292 1439 1352 naturae

301 1395 370 1478 lege
394 1394 601 1476 deprimitur?
640 1395 694 1457 sed
717 1395 784 1458 ideo
808 1393 925 1475 absque
945 1393 1038 1458 dubio
1053 1397 1190 1457 meretur
1205 1411 1350 1476 poenam,
1365 1394 1440 1474 quia

301 1502 402 1582 potuit
425 1503 457 1563 et
479 1500 578 1563 noluit
601 1499 754 1564 custodire
778 1499 938 1563 iustitiam.
970 1517 1033 1580 qna
1054 1517 1127 1562 uero
1144 1516 1239 1562 eausa
1254 1501 1341 1562 tanto
1357 1497 1438 1562 bono

251 1628 275 1668 ιο
303 1607 412 1668 exutus
437 1604 478 1667 sit
501 1605 526 1666 si
549 1604 699 1685 requiras
728 1603 811 1685 quia,
839 1604 950 1685 inquit,
978 1603 1128 1685 spiritui
1151 1605 1290 1686 gratiae
1313 1606 1439 1667 contn-

303 1709 450 1772 meliam
474 1707 574 1772 feeit.
614 1727 747 1791 agnosoe
763 1709 821 1772 hoe
843 1709 920 1788 loeo,
944 1708 1017 1789 quia
1036 1709 1137 1790 gratia
1159 1725 1221 1771 non
1244 1711 1310 1772 tam
1326 1711 1439 1790 negata

302 1813 420 1878 homini
442 1813 548 1893 defuit,
572 1813 626 1876 sed
648 1813 807 1876 hominem
830 1813 916 1895 prius
940 1813 977 1876 ab
1002 1813 1110 1876 eodem
1133 1813 1282 1876 derelicta
1308 1817 1339 1876 et
1366 1830 1439 1876 con-

302 1922 422 2000 tempta
444 1917 580 1982 deseruit
601 1917 779 2001 benignitas
796 1918 909 1981 dantis,
941 1935 1013 1980 oum
1029 1916 1161 1998 quodam
1179 1916 1283 1980 dolore
1299 1917 1438 1997 inerepat

302 2023 524 2086 contumeliam
546 2022 723 2105 respuentis
752 2041 788 2085 ao
816 2022 870 2102 sio,
898 2022 1032 2085 eumad
1056 2021 1146 2084 deuia
1169 2021 1362 2085 uoluntarius
1385 2021 1438 2084 de-

252 2149 276 2189 u
302 2127 439 2206 olinauit‚
468 2146 528 2191 non
556 2127 647 2210 periit
677 2126 853 2206 derelictus,
886 2127 938 2208 qni
968 2146 1001 2189 se
1031 2127 1183 2209 ingerenti
1213 2125 1438 2189 misericordiae

302 2230 456 2295 subtraxit
478 2232 631 2314 ingratae,
662 2231 773 2294 similis
805 2230 933 2294 effeetus
964 2231 1036 2311 illis,
1067 2229 1104 2294 de
1134 2229 1245 2311 quibus
1276 2229 1439 2311 psalmisto

301 2336 498 2419 pronuntiat:
523 2339 557 2398 et
579 2335 774 2398 benedixit
791 2353 866 2415 eos,
884 2338 920 2398 et
935 2335 1180 2417 multiplicati
1204 2337 1290 2398 sunt
1312 2334 1437 2414 nimis,

302 2443 334 2505 et
355 2442 387 2504 in
411 2440 554 2522 sequenti
578 2457 688 2503 oansas
716 2441 850 2504 amissae
880 2439 1105 2503 benedictionis
1132 2438 1289 2502 obtendit:
1321 2443 1356 2502 et
1385 2457 1438 2502 se-

302 2545 502 2623 duxerunt,
530 2544 639 2626 inquit,
671 2562 731 2608 eos
759 2562 853 2608 uena
880 2545 1045 2628 ipsorum
1070 2547 1106 2608 et
1128 2545 1355 2607 seduxerunt
1377 2561 1441 2606 eos

250 2674 275 2712 so
302 2651 337 2713 in
361 2650 461 2713 inuio
485 2652 520 2712 et
542 2667 612 2712 non
636 2649 671 2712 in
695 2649 763 2712 nia.
795 2649 845 2712 hio
859 2649 1088 2730 praeuaricator
1104 2648 1244 2712 mandati
1259 2647 1328 2710 ideo
1344 2665 1439 2730 appa-

301 2754 362 2817 ruit
389 2773 476 2833 rene,
504 2754 576 2834 quia
603 2753 642 2816 ad
669 2753 788 2816 malum
815 2754 915 2836 magis
943 2754 1090 2817 seductus
1114 2757 1162 2817 est
1185 2771 1278 2834 qnam
1302 2754 1436 2816 ooaotns.

302 2858 445 2922 similiter
468 2857 560 2921 etad
584 2857 711 2923 Galatas
739 2859 996 2942 transgressionis
1025 2875 1135 2922 noxam
1163 2857 1203 2921 ad
1229 2857 1363 2920 hominis
1389 2876 1439 2920 re-

302 2966 425 3044 torquet
447 2961 598 3026 offensam
622 2963 665 3026 ita
688 2963 811 3027 disens:
840 2963 903 3027 sed
930 2967 1017 3027 tuno
1045 2963 1192 3044 quidem
1221 2963 1438 3044 ignorantes

302 3067 406 3131 deum
427 3067 499 3148 his,
523 3069 585 3149 qui
606 3070 740 3132 natura
760 3086 830 3132 non
851 3071 939 3132 sunt
962 3067 1027 3147 dii,
1052 3067 1288 3130 seruiebatis.
1328 3084 1439 3130 senun-

249 3193 275 3234 as
302 3171 376 3235 dum
400 3171 478 3236 haee
501 3175 613 3236 natura
640 3172 715 3236 dens
739 3175 788 3235 est
811 3171 964 3252 Christus
994 3172 1042 3235 eui
1074 3171 1191 3235 seruire
1220 3171 1437 3252 praecipimur.

302 3276 456 3357 seqnitur:
488 3295 585 3341 nuno
612 3280 749 3356 autem,
780 3295 860 3340 oum
889 3276 1146 3368 oognoueritis
1176 3275 1297 3354 deum,
1328 3275 1439 3338 immo

301 3381 443 3462 cogniti
466 3381 551 3444 sitis
574 3398 593 3444 a
616 3381 696 3460 deo,
719 3381 898 3462 quomodo
920 3379 1187 3444 ¹conuertimini
1214 3379 1257 3442 ad
1287 3379 1441 3442 infirma

302 3489 338 3548 et
360 3503 476 3568 egena
499 3485 696 3566 elementa,
724 3484 857 3566 quibus
881 3485 999 3549 denuo
1027 3485 1169 3548 seruire
1197 3484 1337 3548 uultis?
1376 3501 1439 3546 non

302 3589 391 3654 dixit:
414 3588 488 3654 boni
512 3609 580 3653 esse
603 3608 665 3654 nou
686 3587 830 3673 potestis,
855 3591 909 3654 sed
929 3591 1004 3654 mali
1020 3609 1087 3654 esse
1103 3589 1211 3653 uultis.
1235 3589 1295 3652 nisi
1310 3589 1342 3652 in
1357 3587 1440 3652 bono

249 3719 275 3760 eo
300 3695 477 3776 potuissent
507 3697 590 3758 stare
620 3695 765 3775 correcti,
795 3713 858 3760 non
888 3696 1092 3778 arguerentur
1120 3694 1159 3758 ad
1189 3693 1342 3758 deteriora
1368 3709 1439 3774 pro·

407 3936 451 4006 rr]
469 3935 568 3992 esum.
584 3939 641 4001 ros,
654 3939 696 3993 ee.
749 3937 794 4008 aa]
814 3935 872 3992 nn.
886 3939 910 4002 4,
923 3939 947 3994 a.
1001 3936 1047 4006 ao]
1067 3935 1125 3992 ou.
1138 3939 1163 4002 4,
1175 3939 1199 3992 o.

346 4179 496 4236 ltestibns
518 4199 569 4237 om.
593 4183 620 4235 P
689 4183 796 4250 6qunr
818 4182 846 4235 P
913 4177 1118 4234 7ineuitabilia
1140 4180 1167 4232 P
1236 4177 1390 4246 8absquae
1413 4179 1442 4231 P

302 4271 443 4323 9eausam
461 4268 496 4333 P,
514 4267 673 4323 canonino
731 4271 763 4323 10
782 4267 803 4320 si
822 4285 872 4322 om.
892 4269 928 4321 P¹
988 4269 1019 4321 12
1037 4266 1072 4319 ho
1090 4265 1157 4318 mihi
1175 4265 1202 4318 P
1262 4263 1441 4333 oontbpttta'P

302 4357 336 4409 22
354 4353 388 4407 ad
406 4373 456 4410 om.
476 4355 504 4408 P
572 4355 775 4424 transgressioni
794 4355 821 4411 P
889 4353 1025 4423 retorqnid
1043 4355 1071 4408 P
1139 4353 1440 4410 assumaturque

302 4443 336 4498 28
354 4441 479 4496 elimenta
497 4442 525 4498 P
