3320 5140
700 458 796 513 Liber
815 458 828 511 1
849 463 870 515 l.
1333 460 1353 522 9

215 637 252 700 in
283 654 419 700 uanum
452 634 626 700 laborant
656 635 719 718 qui
750 635 956 699 aedificant
986 638 1090 698 earn?
1136 636 1218 717 qnod
1247 636 1354 716 utique

215 740 344 804 elationi
371 740 439 804 sine
466 740 567 823 gratia
594 739 741 823 perficere
768 740 954 823 denegatur,
986 739 1154 803 humilitati
1182 758 1255 804 uero
1283 759 1355 804 curn

214 845 317 928 gratia
339 845 457 926 inplere
481 845 667 908 conceditur.

259 949 462 1031 Prosequitur
491 950 592 1012 adhue
622 949 768 1032 Pelagius
799 947 902 1012 Adam
937 949 1101 1012 mortalem
1133 950 1262 1028 factum,
1290 949 1354 1030 qui,

215 1055 283 1118 siue
306 1057 468 1137 peccasset
491 1054 557 1117 siue
585 1070 647 1118 non
675 1057 845 1137 peccasset,
874 1057 957 1116 esset
980 1053 1158 1117 moriturus.
1205 1055 1259 1117 sed
1282 1072 1354 1117 curn
1394 1071 1407 1110 ⁵

215 1159 299 1222 dicat
321 1158 494 1241 apostolus:
519 1163 732 1241 propterea,
756 1159 864 1239 inquit,
893 1158 991 1222 sicut
1017 1177 1081 1239 per
1108 1177 1219 1222 unum
1242 1158 1356 1222 homi-

215 1283 297 1327 nem
328 1263 364 1326 in
392 1263 490 1326 hunc
517 1263 690 1327 mundum
718 1267 912 1346 peccatum
940 1263 1100 1326 intrauit
1128 1266 1163 1326 et
1189 1281 1252 1345 per
1275 1282 1356 1347 peo-

215 1371 337 1432 catum
362 1363 664 1450 mors,'intellegis,
693 1368 774 1449 quia,
805 1366 832 1430 si
855 1371 1018 1450 peccatum
1041 1385 1102 1430 non
1125 1368 1356 1449 praecessisset,

215 1489 299 1535 mors
317 1475 422 1535 secuta
439 1489 498 1535 non
517 1475 600 1535 esset
620 1475 651 1535 et
666 1472 781 1536 donata
796 1471 1004 1534 inmortalitas
1028 1471 1236 1552 perdurasset,
1260 1489 1355 1553 quam

214 1576 322 1657 utique
351 1575 554 1639 manifestum
581 1579 630 1640 est
657 1575 714 1640 sub
742 1576 900 1659 proposita
927 1575 995 1658 lege
1019 1575 1200 1658 praestitam
1230 1579 1354 1639 etcum
1383 1591 1407 1630 1⁰

214 1679 390 1744 conditione
417 1680 584 1760 conlatam,
613 1683 657 1759 ut,
682 1680 708 1743 si
731 1697 793 1744 non
816 1679 997 1743 recessisset
1020 1677 1171 1761 snperlrus
1200 1678 1238 1742 ab
1263 1680 1355 1744 oboe-

214 1785 340 1863 dientia,
364 1788 561 1867 permaneret
584 1787 729 1848 aeternus
753 1784 785 1847 in
808 1783 916 1866 gloria.
962 1801 1035 1847 narn
1059 1801 1130 1846 oum
1154 1783 1354 1848 interdictum

214 1889 349 1952 caeleste
372 1889 527 1952 sanxisset
555 1888 676 1952 dicens:
707 1889 743 1952 in
771 1905 1001 1969 quacumque
1029 1887 1085 1951 die
1114 1889 1353 1952 comederitis

214 1993 255 2057 de
278 1993 381 2076 ligno
410 1993 590 2056 scientiae
613 1992 700 2056 ttoni
729 1995 763 2056 et
788 1992 889 2072 mali,
918 1994 1034 2055 morte
1058 1991 1282 2072 moriemini,
1307 1992 1354 2055 in-

215 2097 291 2161 liciti
306 2100 418 2180 gustus
439 2097 620 2160 malesuada
643 2097 855 2179 praesumptio
875 2097 958 2159 facta
981 2099 1028 2159 est
1044 2115 1080 2158 er
1097 2095 1248 2159 accidenti
1272 2115 1354 2160 mor·
1383 2114 1406 2152 a

214 2203 253 2265 tis
277 2201 409 2265 occasio.
441 2205 573 2279 morte,
597 2201 706 2282 inquit,
731 2201 910 2264 morieris.
946 2200 971 2263 si
995 2199 1074 2263 nihil
1095 2200 1257 2283 largientis
1281 2218 1354 2264 con·

213 2305 284 2369 tulit
307 2305 418 2388 gratia,
447 2305 520 2387 qnid
545 2305 696 2386 estquod
725 2304 855 2368 abstulit
879 2303 1057 2367 damnantis
1081 2303 1224 2367 offensa?
1269 2322 1353 2367 mors

211 2411 328 2492 itaque,
353 2409 383 2472 id
408 2413 456 2473 est
478 2409 677 2492 peregrinum
701 2413 732 2473 et
754 2409 966 2472 aduenticium
989 2408 1109 2472 malurn
1132 2425 1193 2472 non
1217 2411 1265 2472 est
1280 2408 1353 2472 ordo

211 2517 354 2593 naturae,
383 2514 437 2576 sed
464 2531 565 2596 poena
592 2513 776 2577 sententiae.
823 2513 1011 2594 quoniam,
1038 2512 1155 2594 inquit,
1184 2512 1352 2576 dominus

211 2621 368 2682 mortem
393 2636 462 2682 non
486 2617 586 2681 fecit.
623 2617 843 2682 aeternitatem
860 2616 1010 2680 creditam
1027 2615 1124 2680 fuisse
1140 2616 1259 2680 homini
1274 2616 1353 2680 liuor
1380 2637 1406 2674 co

210 2723 278 2804 ipse
302 2725 436 2785 testatur
459 2721 575 2785 inimici
599 2725 639 2800 et,
663 2723 735 2803 quia
755 2721 784 2785 ei
800 2720 1057 2784 inmortalitatem
1074 2720 1210 2784 deiectus
1231 2720 1352 2800 inuidit,

212 2825 281 2890 ideo
313 2843 441 2889 causam
473 2826 582 2890 mortis
617 2825 750 2909 ingessit
779 2825 925 2889 dicendo:
961 2825 997 2888 in
1032 2841 1261 2906 quacumque
1295 2825 1352 2888 die

210 2929 452 2993 comederitis
480 2930 522 2994 de
553 2929 655 3012 ligno
683 2930 764 3009 hoc,
796 2929 1011 3012 aperientur·
1041 2929 1139 2992 oculi
1171 2929 1288 2992 uestri
1318 2933 1353 2992 et

210 3033 318 3097 eritis
342 3032 442 3096 sicut
465 3033 524 3096 dii.
571 3033 597 3096 si
613 3033 671 3096 hoc
687 3037 811 3097 tanturn
828 3033 966 3096 dixisset:
991 3051 1062 3096 cum
1079 3032 1351 3114 manducaueritis,

210 3138 390 3202 satietatem
414 3137 451 3200 de
475 3137 537 3201 eibi
561 3138 716 3201 suauitate
739 3137 876 3219 capietis,
901 3155 999 3218 usque
1022 3137 1061 3201 ad
1084 3137 1352 3219 concupiscentiae
1379 3159 1404 3198 ec

210 3242 345 3305 carnalis
373 3241 562 3306 inlecebram
590 3242 796 3324 transgressio
822 3242 1025 3325 peruenisset.
1069 3260 1139 3305 eum
1170 3260 1244 3305 nero
1272 3243 1352 3306 hanc

210 3345 484 3429 praeuaricationis
507 3347 702 3429 proposuerit
726 3345 820 3408 linem
852 3346 993 3409 dicendo:
1026 3345 1133 3409 eritis
1166 3346 1263 3409 siout
1286 3347 1351 3427 dii,

211 3449 374 3514 edacitatis
387 3449 479 3532 culpa
491 3469 588 3532 usque
605 3451 642 3513 ad
660 3449 831 3514 diuinitatis
848 3449 1002 3513 ambitum
1019 3454 1050 3514 et
1066 3469 1163 3532 nsque
1181 3450 1218 3514 ad
1234 3451 1350 3514 crimen

209 3554 385 3617 maiestatis
410 3554 551 3618 accessit.
585 3554 659 3617 lacti
683 3558 757 3616 sunt
781 3571 853 3637 ergo
877 3553 959 3617 sicut
981 3554 1023 3617 dii
1040 3553 1119 3618 dono
1142 3555 1259 3638 gratiae
1282 3572 1351 3616 cae-

208 3657 296 3721 lestis
314 3657 398 3721 eruti
421 3661 452 3721 et
467 3657 504 3720 de
520 3657 630 3722 beatae
651 3657 795 3722 stationis
812 3657 947 3721 culmine
966 3658 1147 3741 proturbati,
1171 3676 1207 3721 ac
1228 3659 1271 3722 sic
1288 3659 1351 3722 cal·
1378 3679 1404 3718 eo

209 3761 290 3826 lidus
314 3780 442 3845 serpens
466 3781 520 3844 pro
543 3761 706 3844 superbiae
730 3761 813 3826 malo
837 3763 953 3826 eiectus
970 3781 986 3826 o
1002 3763 1086 3827 caelo
1111 3763 1270 3826 machinas
1292 3762 1351 3827 sibi

314 3961 343 4030 o]
364 3961 438 4014 nam.
459 3965 482 4026 5,
499 3965 536 4017 12.
594 3961 818 4031 lucenam.
870 3963 912 4032 rc]
932 3963 991 4032 sap.
1014 3967 1035 4028 1,
1051 3965 1089 4019 ra.
1139 3964 1183 4032 aa]
1204 3963 1268 4018 oen.
1289 3967 1313 4024 a.
1326 3969 1350 4020 5.

256 4141 513 4198 llaboraucrunto
560 4143 693 4198 ddicito
745 4143 837 4212 inquid
857 4146 884 4198 Ρ
930 4145 1135 4214 8praccesissct
1154 4147 1181 4200 P
1229 4149 1258 4201 11
1279 4146 1352 4201 adP

210 4233 241 4285 14
261 4229 382 4284 inclitic
429 4233 459 4286 15
478 4230 546 4284 rnalc
565 4247 676 4286 suasac
720 4231 858 4284 adeedcnti
872 4233 898 4285 Ρ
943 4235 974 4288 16
993 4232 1127 4300 inquidP
1171 4235 1201 4288 17
1221 4232 1349 4286 damnan-

208 4317 302 4370 tesP¹
354 4320 385 4374 lo
403 4333 470 4386 pena
489 4318 516 4371 P
561 4317 654 4386 inquid
673 4319 700 4372 P
755 4321 788 4373 20
807 4317 915 4372 liborP
966 4323 1001 4375 28
1023 4319 1178 4374 aedacitatis
1199 4321 1227 4374 P
1284 4321 1349 4387 arn}-

206 4401 296 4457 bitum
316 4404 343 4459 P
394 4405 428 4458 29
447 4403 561 4458 adcessit
583 4405 611 4458 P
662 4407 693 4460 31
714 4421 744 4458 aa
762 4403 834 4458 caelo
853 4405 880 4460 P
