3290 5152
250 429 315 494 426
620 473 623 482 r
756 431 885 486 Ruricii

251 605 318 669 uire
340 605 498 688 conpellit,
529 605 604 670 dum
627 623 689 670 non
713 606 897 687 considerat,
928 623 989 688 quo
1013 623 1167 687 sermone,
1193 624 1255 689 qua
1276 608 1395 691 pagiua

251 713 375 774 tantum
399 709 512 774 uestris
534 710 672 793 imperiis
695 709 915 793 obsequamur.
950 710 1061 795 cogitis
1085 710 1169 775 enim
1191 729 1248 776 nos
1264 710 1394 776 auribus

251 813 380 897 peritiae
403 816 526 879 uestrae
549 813 653 880 uerbis
673 815 798 880 rusticis
814 815 961 880 iniuriam
976 815 1156 898 frequenter
1171 815 1293 896 inferre,
1316 815 1394 880 dum

251 917 355 1000 apices
378 921 500 983 nostros
524 919 648 1001 saepius
672 918 768 984 uultis
792 919 940 1002 accipere.
975 937 1068 1002 parco
1089 918 1243 984 uoluntati
1257 923 1393 1000 uesbas,

212 1048 225 1086 a
251 1039 344 1105 pareo
370 1021 510 1086 iussioni.
557 1023 640 1087 melo
663 1023 747 1088 enim
770 1023 808 1087 de
831 1041 882 1087 me
904 1023 972 1106 ipso
994 1021 1052 1088 tibi
1074 1023 1175 1107 magis
1198 1041 1292 1106 quam
1314 1023 1393 1088 mibi

251 1125 387 1208 credere,
411 1126 483 1209 quia
504 1125 642 1209 pietatis,
665 1145 728 1192 non
748 1127 912 1212 potestatis
929 1131 987 1209 est,
1010 1127 1093 1210 quod
1107 1127 1231 1192 iubetis.
1265 1129 1297 1192 et
1310 1127 1393 1208 ideo,

251 1248 331 1313 quae
354 1229 578 1313 displicuerint,
603 1231 809 1297 emendabitis
824 1232 932 1316 procul
956 1231 1049 1297 dubio
1070 1231 1187 1315 potins,
1210 1249 1303 1314 quam
1319 1249 1395 1315 pro-

251 1334 341 1416 detis,
365 1335 518 1418 siquidem
541 1335 620 1400 nihil
643 1339 692 1400 est
713 1335 909 1420 imperiosius
932 1335 1071 1417 caritate,
1095 1335 1145 1400 cui
1167 1335 1297 1420 quisque
1324 1339 1393 1402 toto

250 1438 341 1502 corde
372 1457 406 1503 se
429 1437 559 1519 dederit,
589 1437 723 1504 libenter
746 1444 778 1505 et
800 1439 926 1504 uincula
948 1439 1033 1506 illius
1055 1439 1182 1524 inpacta
1202 1441 1336 1523 patietur
1359 1443 1396 1505 et

199 1569 225 1608 m
251 1561 345 1608 onera
367 1542 465 1608 inlata
487 1541 635 1626 portabit,
658 1542 733 1608 dum
756 1543 974 1627 praecipientis
997 1543 1165 1628 imperium
1188 1561 1250 1609 non
1272 1544 1394 1610 inuitus

251 1645 374 1730 exeipit,
405 1647 459 1712 sed
486 1647 619 1712 deuotus
642 1651 772 1712 exercet.
818 1647 992 1731 praestabit
1013 1649 1118 1731 itaque
1142 1648 1247 1714 diuina
1269 1647 1395 1713 miseri·

250 1751 364 1832 cordia,
387 1755 423 1816 ut
444 1750 632 1816 tumultibus
654 1751 804 1835 temporis
827 1751 920 1816 huius
943 1752 995 1816 uel
1017 1752 1255 1817 necessitatibus
1274 1755 1330 1818 aut
1344 1752 1395 1817 di-

249 1853 323 1919 latis
353 1854 385 1918 in
415 1859 602 1938 perpetuum
632 1857 687 1920 aut
708 1873 877 1939 parumper
899 1857 1056 1940 oppressis
1079 1855 1169 1921 citius
1192 1857 1310 1921 fruetus
1333 1874 1394 1921 nos

250 1959 344 2023 iaciat
367 1959 404 2022 de
427 1963 534 2025 nostra
556 1977 666 2044 capere
680 1960 868 2044 praesentia,
892 1963 928 2024 ut
942 1959 1105 2042 desideria,
1128 1978 1208 2042 quae
1222 1959 1396 2026 incitentur

200 2090 224 2129 a
251 2061 408 2143 edulibus,
432 2062 610 2146 aspectibus
634 2063 826 2148 mitigentur.

739 2305 901 2372 XXXXII.

251 2468 370 2511 boissao
394 2467 637 2512 Duumcuusunlo
661 2470 701 2510 ET
724 2469 794 2510 111ss
816 2469 893 2512 oliuu
915 2469 1041 2512 BONORE
1065 2469 1253 2512 UENEMBHJI
1277 2468 1396 2510 uanum

665 2555 800 2598 LEONTIO
824 2555 977 2598 numurus.

294 2689 416 2754 Gratias
440 2707 509 2774 ago,
532 2689 614 2771 quod
630 2693 660 2754 et
675 2689 774 2754 nostri
789 2707 897 2754 euram
917 2707 1024 2773 gerere
1040 2693 1071 2754 et
1085 2689 1223 2754 nouitate
1238 2689 1395 2770 holerum,

199 2818 225 2858 rc
251 2811 331 2876 quae
360 2793 493 2858 libenter
520 2792 635 2857 habere
668 2811 725 2858 nos
753 2793 862 2874 nostis,
893 2811 950 2858 nos
973 2792 1099 2858 reficere
1122 2794 1203 2858 tanti
1226 2792 1395 2874 habuistis,

252 2896 333 2980 quod
357 2900 389 2960 et
410 2897 627 2961 consuetudini
650 2896 817 2980 praestatis
840 2897 957 2980 pariter
981 2900 1012 2961 et
1034 2897 1141 2962 amori.
1177 2897 1306 2979 ideoque
1322 2897 1397 2961 red-

252 3005 345 3066 eunte
368 3019 463 3084 puero
486 3005 591 3066 uestro
614 3001 709 3066 reddo
731 3002 924 3084 reciprocum
947 3001 1161 3085 sospitationis
1184 3000 1322 3066 officium
1350 3005 1395 3081 et,

251 3109 287 3170 ut
317 3106 354 3170 de
385 3109 531 3190 suscepto
562 3106 618 3170 deo
649 3107 780 3190 propitio
804 3105 905 3171 officio
927 3107 1141 3171 indesinenter
1163 3106 1312 3190 cogitetis
1337 3106 1396 3170 ad-

252 3228 373 3290 moneo,
404 3210 478 3293 quia
504 3209 580 3274 deus
608 3228 668 3274 non
694 3209 818 3275 initium
841 3209 915 3274 boni
939 3211 1050 3292 operis,
1081 3209 1135 3274 sed
1165 3210 1260 3274 linem
1288 3210 1395 3291 requi·

199 3338 225 3378 re
252 3335 319 3380 rere
331 3315 540 3399 conprobatur
551 3315 673 3380 diceus:
690 3315 750 3398 qui
762 3315 1065 3399 perseuerauerit
1080 3333 1196 3396 usque
1211 3315 1248 3378 in
1261 3314 1393 3395 finem,

251 3419 310 3484 hio
333 3421 460 3484 saluus
484 3421 564 3484 erit.
598 3419 781 3504 praestabit,
804 3423 841 3484 ut
863 3419 1028 3500 eredimus
1052 3418 1262 3484 misericordia
1283 3418 1394 3502 ipsine,

355 3575 402 3646 25]
421 3574 516 3630 Mettis
532 3577 573 3640 lo,
586 3575 628 3630 22.

295 3722 455 3781 5malloS
504 3722 708 3792 dputestatiS
759 3720 992 3778 'lruendabitisb'
1043 3725 1105 3777 are
1124 3719 1238 3790 dederit]
1257 3720 1356 3775 sederit
1371 3723 1398 3778 S

251 3811 414 3880 pacieturS
472 3813 502 3866 ll
523 3825 576 3864 nou
594 3815 656 3865 arete
674 3809 771 3879 excipit
788 3810 876 3866 ἀωῑιο
895 3809 998 3865 addc
1052 3808 1242 3878 praestabitS
1297 3809 1329 3863 12
1348 3811 1395 3861 tu-

252 3897 408 3955 multibaS
464 3896 555 3951 dilatis
573 3915 606 3952 aa
624 3895 728 3950 dilectis
748 3897 794 3966 8²,
812 3895 906 3950 deletis
925 3897 1109 3951 diorumseoas
1168 3897 1200 3950 13
1218 3909 1349 3964 paruump
1370 3897 1397 3952 S

251 3983 324 4054 ipitius
344 3985 388 4052 8¹,
407 3984 486 4038 eitius
505 3985 542 4040 δ’
604 3983 708 4038 fructus
726 3999 774 4036 uos
793 3985 816 4040 S
833 4001 976 4050 irrorares,
995 3981 1076 4052 tisctilis
1094 3981 1132 4050 {sos
1151 3983 1174 4038 S
1181 3985 1188 4017 ¹
1252 3983 1282 4036 ll
1301 3983 1395 4034 uestra

252 4073 394 4127 adauctis
448 4088 582 4142 carpereu
636 4075 668 4128 15
681 4069 846 4126 suscribere
899 4069 1068 4138 mitigentur]
1082 4069 1143 4122 linit
1154 4069 1255 4124 adds
1300 4068 1332 4122 17
1345 4067 1394 4121 de-

252 4157 447 4214 uiotissimob'
516 4157 715 4215 uenerabileb‘
789 4160 821 4214 18
839 4157 982 4212 leoueioS
1059 4159 1090 4212 19
1114 4155 1212 4224 nouijlte
1232 4155 1396 4224 Sstcrus.)

253 4291 287 4345 ao
306 4253 353 4342 ηοξ
372 4289 499 4344 noetus
549 4291 583 4344 aa
601 4289 762 4345 ereneus
811 4289 845 4342 ne
863 4287 992 4343 osseos
1047 4287 1082 4341 ae
1099 4285 1287 4355 praesuma
1342 4285 1396 4339 ms-

254 4375 467 4430 sericordiems
