3264 5134
669 543 766 598 Liber
784 543 798 598 I
818 547 856 600 lo.
1287 545 1327 609 51

191 723 374 801 contemptu
397 738 469 783 reus
493 722 550 799 est,
574 720 627 800 qui
649 720 810 784 remansit.
857 721 997 784 uolentes
1021 721 1103 784 enirn
1125 721 1256 784 redemit
1279 739 1333 784 uo-

188 823 349 888 luntatum
372 827 597 888 remunerator.
643 824 743 888 iustus
772 825 857 888 enirn
883 823 998 888 arbiter
1021 825 1097 888 deus
1120 825 1331 888 uoluntarium

188 928 277 1009 cupit
298 928 409 1007 redire,
433 947 525 1009 quem
550 946 611 991 non
635 927 771 992 inuitum
795 929 940 992 meminit
961 930 1123 993 corruisse.
1159 947 1331 1011 quaecum

188 1031 237 1095 ita
259 1031 336 1111 sint,
365 1032 413 1095 dio
435 1032 523 1112 mihi,
551 1050 644 1115 quem
668 1049 687 1096 a
708 1033 810 1116 gratia
832 1033 1056 1116 redemptionis
1085 1035 1252 1116 exceperit,
1280 1033 1333 1115 qni

190 1136 403 1200 damnationis
427 1137 572 1219 antiquae
596 1136 837 1221 chirographum
859 1138 1005 1222 generale
1029 1138 1154 1202 deleuit.

189 1349 313 1391 coma
331 1349 404 1408 noc,
426 1349 510 1398 QUOD
526 1349 751 1392 nunnonmchm
767 1350 963 1392 SENTENTIAM
979 1351 1126 1392 rnrnnmo
1142 1352 1182 1390 ΕΤ
1197 1350 1331 1392 lNPROBO

556 1435 653 1480 SENSU
677 1436 966 1480 lmnrunranuua.

234 1553 362 1633 Nemo,
391 1555 499 1635 inquit,
523 1556 627 1618 uenit
651 1554 693 1618 ad
717 1573 787 1634 me,
815 1555 887 1618 nisi
910 1558 1030 1637 pater,
1053 1556 1113 1636 qui
1136 1555 1239 1618 misit
1262 1575 1330 1635 rna,

188 1658 399 1721 adtraxerit
421 1676 511 1721 eum.
550 1659 619 1740 quis
639 1661 706 1723 tarn
726 1659 880 1738 inmemor
901 1659 1011 1722 salutis
1034 1677 1109 1722 suae
1129 1659 1179 1738 sit,
1203 1659 1256 1740 qui
1277 1660 1329 1722 ad-

188 1761 345 1825 traheutis
369 1761 611 1826 misericordiam
635 1781 749 1847 negare
772 1765 975 1846 praesumat?
1021 1763 1076 1826 sed
1099 1763 1151 1826 ille
1175 1782 1248 1826 uere
1272 1763 1331 1826 inr-
1358 1789 1383 1828 re

188 1865 258 1948 pius
282 1869 344 1946 est,
372 1865 425 1947 qui
448 1884 519 1930 eam
542 1884 604 1931 non
628 1866 775 1930 omnibus
790 1867 911 1950 ingeri,
943 1885 1004 1931 non
1028 1867 1174 1931 omnihus
1198 1870 1330 1931 testatur

188 1969 324 2052 inpendi.
369 1970 516 2035 hocloco
539 1971 671 2035 adtracti
696 1971 829 2034 salutem
854 1970 1045 2035 adtrahentis
1066 1974 1156 2053 putat
1176 1990 1245 2034 esse
1264 1972 1330 2035 uio-

188 2073 328 2138 lentiam.
376 2079 505 2158 apparet
531 2075 620 2139 illum
652 2092 713 2138 non
741 2093 833 2139 nosse
861 2076 919 2139 nisi
944 2079 1070 2139 catenas
1094 2075 1243 2140 obnoxiae
1266 2095 1331 2139 scr-

188 2179 310 2259 uitutis,
333 2179 386 2260 qui
409 2179 540 2244 denotas
563 2180 663 2244 nescit
684 2179 810 2243 uincula
832 2180 978 2244 caritatis.
1025 2179 1075 2243 hic
1098 2183 1205 2243 autem
1229 2198 1330 2244 sermo

188 2282 315 2346 diuinus
344 2283 519 2365 specialiter
546 2285 684 2366 increpat
709 2283 868 2348 hominem
896 2285 934 2348 de
961 2285 1093 2366 propriis
1125 2284 1182 2350 sibi
1213 2284 1331 2348 uiribus
1359 2311 1383 2349 a

188 2387 395 2472 adrogantem
418 2391 449 2451 et
472 2388 509 2452 de
532 2388 637 2452 labore
660 2406 716 2452 suo
739 2389 834 2470 impie
854 2391 1116 2472 praesumentem.
1156 2407 1228 2452 cum
1251 2389 1332 2452 inter

188 2491 267 2555 haec
282 2509 364 2555 unns
380 2495 481 2556 totum
497 2491 606 2574 labori,
628 2493 706 2557 alter
722 2496 824 2556 totum
840 2494 957 2576 gratiae
978 2493 1091 2556 indicet
1106 2493 1331 2575 deputandum,

188 2595 338 2678 impletur
369 2597 400 2660 in
435 2601 566 2678 utroque
597 2595 717 2661 Graeca
751 2597 919 2660 sententia:
955 2597 1185 2676 nimietates,
1220 2597 1330 2678 inquit,

187 2700 486 2782 inaequalitates
510 2705 604 2764 sunt.
630 2701 740 2764 similis
764 2699 935 2782 inprobitas
960 2705 991 2764 et
1014 2717 1069 2783 par
1093 2719 1161 2764 osse
1183 2701 1331 2782 probatur

188 2803 348 2886 impietas,
379 2804 406 2868 si
429 2808 531 2868 toturn
554 2805 612 2868 soli
634 2805 752 2888 gratiae
783 2805 832 2868 uel
858 2805 883 2868 si
914 2807 1015 2868 toturn
1047 2805 1105 2868 soli
1136 2804 1330 2867 adscribatur
1357 2831 1383 2870 20

187 2905 298 2971 labori.
324 2908 398 2990 quid
414 2925 470 2972 nos
487 2912 609 2991 oportet
624 2909 705 2972 inter
721 2907 783 2972 ista
798 2909 922 2988 sentire,
940 2909 1001 2971 nisi
1016 2913 1052 2971 ut
1072 2927 1196 2991 semper
1212 2909 1330 2992 gratiae

189 3011 382 3076 subiciamus
409 3011 549 3076 laborem
573 3015 604 3076 et
627 3031 750 3094 semper
772 3012 907 3096 gratiam
930 3031 1001 3076 curn
1025 3011 1130 3076 labore
1154 3013 1329 3076 sociemus?

233 3115 293 3180 Sed
321 3121 393 3180 ante
421 3117 527 3180 omnia
554 3117 769 3201 adrogantiam
796 3116 910 3182 laboris
938 3117 1129 3200 refugiamus
1156 3135 1213 3180 nec
1241 3115 1330 3180 nohis

187 3221 356 3302 quicquam
380 3220 417 3284 de
441 3221 507 3284 aius
535 3221 655 3284 meritis
682 3221 891 3300 dimicemus,
920 3239 958 3284 ne
982 3220 1187 3284 Pharisaeum
1214 3221 1329 3284 imitari

186 3325 352 3388 mortifera
378 3325 543 3389 iactantiae
571 3326 823 3408 praesumptione
850 3326 1021 3388 uideamur.
1071 3343 1144 3389 narn
1175 3343 1246 3388 curn
1276 3325 1328 3388 ille
1355 3351 1380 3389 re

187 3445 281 3494 orans
309 3429 523 3494 indubitanter
546 3447 656 3493 uerum
685 3429 814 3493 diceret:
849 3429 973 3492 ieiuno
1004 3429 1060 3493 bis
1091 3430 1127 3493 in
1157 3427 1327 3508 sabbato,

187 3533 353 3596 decimas
381 3533 423 3598 do
451 3533 627 3613 omnium,
661 3551 912 3615 quaecumque
943 3532 1131 3615 possideo,
1164 3533 1329 3596 enacnauit

185 3637 254 3700 ueri
274 3635 379 3718 fidem,
401 3637 473 3720 quia
491 3637 617 3702 ueritati
638 3637 764 3701 miscuit
780 3638 963 3702 uanitatem.
1001 3656 1063 3701 non
1085 3655 1156 3720 ergo
1179 3637 1328 3720 operatio,

294 3791 322 3861 8]
341 3791 433 3846 Ioann.
447 3795 471 3856 6,
484 3795 525 3848 44.
580 3792 625 3862 26]
644 3792 708 3847 Luc.
724 3795 763 3856 18,
778 3795 817 3848 12.

234 3941 249 3994 1
269 3943 405 3994 mntemtu
424 3939 452 3994 P
513 3943 530 3995 3
549 3937 671 4008 odhrdsm
691 3938 718 3993 P
780 3942 796 3994 5
815 3939 1012 4008 cyrographum
1031 3939 1059 3994 P
1109 3941 1125 3992 6
1143 3941 1259 4008 euphrati
1276 3959 1326 3994 aar·

186 4043 279 4084 m
290 4045 347 4082 aua
357 4033 444 4084 aaut
455 4027 486 4082 to
498 4027 532 4094 P,
545 4029 579 4095 cs.
593 4043 661 4096 quae
672 4027 784 4096 exposed
795 4028 827 4080 ia
839 4027 908 4082 hbeo
921 4024 1045 4081 ‘Studien
1056 4025 1122 4080 ather
1134 4025 1177 4080 dic
1191 4026 1327 4094 Sebastos

185 4139 235 4194 das
254 4137 393 4206 Percelna,
408 4144 504 4210 pap&
520 4145 545 4194 et
562 4143 598 4194 22
649 4139 890 4207 linterpraetatur
910 4138 937 4192 P
987 4103 1137 4192 9adtrarr⁸it
1155 4139 1183 4192 P
1238 4138 1326 4192 adtra-

184 4224 282 4280 hentas
300 4227 328 4280 P
374 4229 551 4294 18utroquae
570 4227 597 4280 P
642 4241 720 4294 greca
737 4227 765 4280 P
816 4229 848 4282 lo
867 4223 1068 4292 inaequalitates
1086 4226 1193 4294 scripsi,
1212 4225 1325 4293 aequali-

184 4317 258 4368 tates
275 4313 309 4382 P,
331 4317 359 4367 et
377 4312 577 4382 inaequalitates
595 4331 611 4368 o
663 4313 752 4369 wbh
770 4312 865 4366 similis
883 4310 1030 4381 inprobitas
1048 4330 1108 4369 cam
1126 4315 1178 4368 huc
1195 4315 1326 4367 sedentia

183 4401 340 4458 mundio
408 4403 442 4456 20
464 4397 687 4454 medeburun
755 4401 788 4456 23
812 4399 991 4468 arrogantiam
1010 4401 1037 4454 P
1104 4401 1137 4454 24
1157 4399 1282 4452 fariseam
1301 4399 1328 4452 P

183 4487 484 4558 aemendatione?
533 4488 566 4542 27
585 4486 734 4556 elbracuauit
752 4488 779 4541 P
829 4488 863 4543 28
881 4487 933 4540 uiri
952 4487 979 4542 P

1140 4571 1170 4626 4*
