3268 5142
550 449 777 520 Epistularum
794 448 850 506 lib.
861 449 891 504 11
908 451 1019 506 aa-ao.
1288 448 1352 514 409

218 643 312 708 quae
334 642 406 691 non
430 627 487 690 est
509 626 551 690 de
574 629 695 708 patre,
719 624 847 690 sedda
870 623 1004 690 mundo
1027 626 1092 690 est.
1139 623 1353 688 otmundus

217 730 358 795 transit
380 732 416 794 et
437 729 746 811 eoncupiscentia
768 729 861 810 eius,
892 728 955 811 qni
985 730 1109 794 satem
1136 727 1272 792 feeerit
1294 745 1353 792 uo-

217 835 403 898 luntatem
426 833 498 914 dei,
521 837 647 898 manat
670 833 706 897 in
729 837 936 914 aeternum,
968 833 1050 897 sieut
1079 835 1112 896 et
1141 831 1217 896 deus
1247 835 1354 896 manet

216 937 249 1002 in
272 941 443 1002 aeternum.

260 1041 331 1124 Ipse
350 1041 383 1106 in
407 1041 568 1125 euangelio
590 1040 750 1106 blanditiis
772 1041 897 1122 inuitat,
921 1039 1103 1106 maneribus
1119 1043 1277 1122 prouoeat,
1299 1038 1354 1103 ad·
1392 1071 1405 1112 ι

215 1145 392 1210 hortatione
408 1145 555 1210 sollicitat
571 1145 690 1210 dicens:
713 1145 839 1210 uenite
862 1145 905 1209 ad
929 1162 983 1208 ma
1006 1161 1146 1224 ornnes,
1171 1142 1232 1225 qui
1253 1141 1354 1207 labo-

214 1249 307 1314 ratis
331 1251 367 1313 et
388 1249 537 1314 onerati
560 1250 652 1314 estis
676 1252 708 1314 ot
736 1249 865 1332 reliqua,
896 1251 931 1314 ut
954 1247 1045 1330 quasi
1067 1247 1140 1332 iugo
1164 1245 1353 1312 salutaribus

216 1351 387 1418 subdentes
403 1353 482 1418 oolla
497 1353 670 1437 praeoeptis
687 1353 815 1418 salutari
837 1371 893 1418 sno
917 1351 1117 1436 [humilitatis
1141 1354 1173 1416 et
1194 1351 1353 1432 miserias]

217 1456 322 1520 enrrni
337 1455 564 1541 subiungamus
581 1461 612 1522 et
626 1458 694 1522 ideo
709 1458 894 1522 auderemus
910 1459 1109 1522 reuooantem
1125 1455 1224 1538 sequi,
1247 1455 1354 1520 audire

218 1560 423 1642 clamantem,
456 1561 670 1626 blandientem
700 1562 792 1626 modo
823 1579 886 1626 non
916 1580 1077 1645 spernere,
1111 1579 1149 1624 ne
1181 1559 1354 1624 sentiamus
1381 1593 1407 1633 ιι

217 1665 419 1747 postmodum
447 1665 644 1730 iudicantem.
690 1683 751 1748 quo
777 1665 899 1746 iudiaio,
929 1667 1010 1742 sieut
1038 1666 1103 1748 ipse
1134 1665 1166 1729 in
1193 1665 1354 1748 euangelio

216 1785 420 1852 praemonere
442 1771 474 1834 et
496 1769 605 1834 dooere
625 1770 845 1854 dignatusest,
868 1787 948 1834 oum
971 1769 1008 1834 in
1030 1768 1243 1834 maiestatis
1266 1786 1354 1833 suae

218 1871 305 1936 sede
328 1873 555 1954 consederit,
582 1873 705 1955 quando
728 1891 791 1938 non
813 1873 916 1938 solum
939 1873 1052 1938 merita
1073 1872 1299 1956 ponderaturus
1323 1875 1355 1937 et

216 1976 311 2057 faeta,
341 1995 452 2042 uerum
479 1977 574 2042 etiam
596 1976 694 2042 uerba
716 1981 765 2042 est
786 1977 983 2042 diseussurus
1007 1981 1038 2042 et
1066 1981 1149 2058 nota,
1180 1994 1274 2058 quem
1304 1975 1354 2041 hia

217 2097 301 2144 nune
323 2079 437 2144 uiderit
459 2081 610 2146 salutaria
632 2099 689 2146 sua
711 2085 876 2165 praecepta
898 2081 1063 2165 neglegere
1080 2085 1111 2146 et
1126 2080 1354 2146 admonitiones
1382 2112 1407 2150 ιι

218 2201 292 2248 suas
315 2183 537 2250 saluberrimas
561 2185 695 2268 superba
717 2189 822 2250 mente
845 2189 1052 2266 contemnere,
1075 2202 1137 2250 non
1160 2185 1262 2250 solum
1284 2203 1355 2250 aum

219 2288 323 2352 stultis
347 2305 366 2352 a
387 2289 481 2353 ianua
509 2289 599 2373 regni
629 2290 773 2354 caelestis
801 2289 952 2370 eroludet,
982 2307 1092 2354 uerum
1116 2290 1210 2354 etiam
1233 2292 1354 2373 partem

218 2392 316 2475 ipsius
339 2410 411 2456 oum
433 2391 611 2457 infidelibus
634 2393 805 2476 deputabit,
828 2397 874 2475 nt,
898 2411 970 2458 oum
993 2393 1106 2475 quibus
1128 2393 1224 2458 habet
1239 2393 1271 2456 in
1288 2411 1356 2456 sae-

216 2496 286 2561 oulo
317 2495 509 2578 societatem,
540 2515 612 2561 oum
641 2497 764 2562 hisdem
794 2499 826 2562 in
850 2501 1012 2562 aeternum
1034 2497 1150 2563 habeat
1170 2497 1352 2580 portionem.

718 2723 854 2790 XXIIII.

452 2886 535 2928 rudo
559 2885 751 2928 CONSTANTIO
773 2884 918 2928 nummus
941 2883 1118 2928 BPISOOPUS·

261 3021 440 3103 Quamlibet
460 3021 594 3103 Baccho,
625 3021 818 3106 symphoniis
846 3025 877 3086 et
905 3021 1037 3086 daorsis
1056 3020 1189 3086 musiais
1212 3037 1270 3084 neo
1293 3037 1353 3085 non

219 3127 313 3191 etiam
336 3130 368 3191 et
389 3127 565 3210 puellarum
587 3127 690 3191 ahoris
713 3131 744 3191 te
765 3125 904 3190 deditum
920 3144 989 3190 esse
1004 3126 1214 3209 cognouerim,
1237 3127 1354 3203 tamen,

219 3231 292 3314 quia
319 3229 438 3295 bonum
468 3235 517 3296 est
550 3229 589 3296 ab
619 3231 684 3312 his',
722 3231 796 3294 dnm
826 3230 973 3314 perualde
1003 3229 1105 3294 feruet
1134 3227 1354 3309 adnleseentia,

322 3369 350 3440 a]
369 3369 466 3424 Meam.
481 3371 522 3434 ιι,
535 3371 577 3426 aa.
632 3368 677 3438 ιι]
696 3368 791 3424 aaran.
806 3369 847 3433 ro,
860 3369 901 3423 aa.

261 3501 449 3556 tadoratiane
467 3503 514 3570 δ’,
535 3499 701 3554 adortatione
719 3501 756 3556 8²
808 3503 823 3555 7
843 3499 963 3553 honerati
983 3501 1006 3556 S
1056 3499 1119 3568 iugo
1136 3499 1244 3568 soripai,
1261 3497 1356 3567 largum

219 3591 248 3657 S,
266 3588 343 3643 nobie
361 3605 423 3642 snae
441 3587 559 3642 lenitatis
578 3589 706 3658 imponat,
724 3591 755 3641 ut
772 3589 861 3658 sappi.
879 3603 912 3642 aa
929 3587 967 3642 H
980 3590 1015 3641 32
1032 3587 1084 3642 Kr.
1155 3588 1172 3641 8
1194 3583 1355 3639 humilitatis

218 3679 246 3730 et
263 3675 383 3730 miseriae
402 3693 452 3732 em.
472 3675 543 3732 Stoa
560 3681 640 3743 tauta,
663 3675 710 3731 sed
727 3677 758 3730 ia
776 3676 899 3745 marpissa
916 3675 1070 3730 nouauit·
1091 3687 1170 3727 eausa
1192 3671 1356 3726 hamilitatis

218 3767 246 3817 et
267 3763 388 3818 miseriae
410 3769 506 3832 exstat,
528 3761 660 3818 libertatis
683 3765 711 3816 at
734 3761 968 3820 misericordiseu
1032 3764 1048 3818 9
1073 3761 1148 3816 aurai
1172 3761 1195 3816 S
1245 3757 1356 3814 anbian-

218 3866 312 3920 gamus
332 3853 440 3922 seipsi,
459 3849 651 3920 sabinngemus
670 3851 716 3920 δ”,
735 3849 922 3920 subiungimus
941 3851 986 3918 θ’,
1010 3847 1245 3918 subiungamure,
1265 3845 1355 3902 subiu-

217 3979 311 4032 gamns
329 3965 521 4035 Mammam,
539 3967 656 4038 [enasse
673 3963 893 4034 subiungsrsmns
911 3963 1082 4020 scribendam
1135 3961 1257 4016 daremus
1276 3961 1299 4016 S
1309 3961 1354 4028 (aa

218 4069 289 4106 moa.
308 4053 378 4121 alm)
400 4050 576 4106 deliberemus
600 4053 783 4108 Mammosas
846 4053 875 4107 11
902 4049 973 4104 indit
961 4051 1046 4106 tioS
1102 4051 1134 4105 12
1156 4049 1358 4120 premanereS

219 4141 252 4196 18
270 4137 419 4192 consederit
434 4140 496 4209 Ka,
514 4139 668 4194 consederat
686 4141 715 4208 S,
734 4138 917 4194 consideratu
969 4137 1100 4194 maritos
1153 4139 1184 4192 15
1197 4137 1358 4207 praeaptaS

220 4227 251 4281 17
270 4224 428 4282 oroladitS
493 4229 526 4284 18
544 4225 726 4296 deputauitS
787 4229 819 4282 19
836 4225 915 4280 nisae
932 4227 961 4293 S,
980 4224 1108 4280 iisdmne
1164 4223 1359 4294 porcionemS

218 4313 250 4367 21
271 4313 466 4370 eonstaneioS
519 4316 553 4369 22
571 4313 698 4371 baahoS
749 4313 949 4383 simphoniisS
1003 4315 1038 4368 24
1056 4310 1169 4382 perdade
1189 4313 1279 4380 Μ),
1297 4327 1356 4381 per-

218 4397 296 4453 ualde
315 4401 354 4456 θ’
