3264 5134
238 450 278 514 28
698 449 718 503 Ι.
738 450 782 503 De
800 449 909 517 gratia

237 646 341 692 eoram
357 627 476 692 modioo
493 630 642 711 agnoscat
657 626 825 690 infirmum.
857 627 986 710 dignum
1010 643 1083 690 uero
1099 628 1155 706 est,
1179 629 1214 690 ut
1233 625 1369 688 remedio

237 735 349 812 eareat,
373 731 424 813 qui
448 731 675 815 aegritudinem
703 750 792 795 suam
820 731 898 795 seire
926 730 1109 794 dissimulat.
1149 733 1180 793 et
1206 731 1370 814 propterea

237 836 355 899 maius
378 835 506 918 gaudii
535 836 606 899 erit
633 835 778 918 angelis
807 836 844 899 in
874 835 977 899 eaelo
1004 853 1113 917 super
1143 851 1212 897 uno
1241 851 1369 916 poeoa-

236 943 314 1003 tore
351 939 651 1022 paenitentiam
686 943 837 1023 agente,
873 957 980 1021 quam
1020 957 1130 1021 super
1165 937 1369 1021 nonaginta

197 1061 210 1100 a
237 1060 368 1106 nouem
390 1043 517 1122 iustis,
541 1043 602 1125 qui
630 1061 700 1108 non
727 1043 898 1127 indigent
924 1043 1167 1127 paenitentia.
1206 1041 1275 1123 quis
1306 1059 1368 1105 non

236 1147 294 1211 hoo
315 1147 381 1210 loeo
405 1165 476 1210 uera
499 1148 597 1212 iustos
621 1167 689 1212 esse
712 1147 818 1212 eredat
840 1148 907 1229 hoa,
935 1148 986 1229 qui
1014 1165 1076 1212 nou
1102 1147 1241 1229 indigent
1262 1147 1368 1228 paeni-

236 1251 357 1315 tentia?
395 1252 449 1314 sed
472 1269 563 1316 namo
586 1252 686 1335 magis
710 1255 782 1335 eget
805 1252 915 1332 salute,
943 1269 1037 1333 quam
1059 1252 1112 1332 qui
1135 1270 1168 1314 se
1191 1269 1252 1314 uon
1276 1250 1368 1314 intel-

235 1355 311 1438 legit
333 1355 479 1440 indigere.
518 1359 549 1420 et
578 1355 647 1420 ideo
677 1357 777 1439 magis
807 1375 899 1420 uerus
929 1355 981 1420 ille
1008 1359 1113 1438 pastor
1136 1355 1253 1419 exultat
1275 1373 1367 1438 super

235 1477 298 1523 una
320 1478 388 1540 oue,
412 1459 552 1541 quaeat
577 1478 678 1524 errore
701 1464 846 1524 reuooata
867 1463 924 1540 est,
955 1478 1049 1541 quam
1080 1477 1171 1542 super
1198 1459 1368 1542 nonaginta

185 1581 209 1620 10
236 1582 348 1628 nouem
369 1563 488 1645 ouibus,
513 1582 591 1646 quae
612 1582 674 1628 uon
694 1567 883 1628 errauerunt.
916 1568 948 1628 et
970 1565 1037 1646 quis
1054 1581 1072 1627 a
1088 1563 1240 1627 mortiferi
1256 1563 1366 1628 erroris

235 1669 317 1733 malo
340 1688 409 1732 esse
431 1668 531 1751 possit
552 1668 699 1749 inmunis,
723 1687 795 1732 eum
810 1669 961 1751 propheta
981 1671 1128 1732 testetur:
1153 1685 1278 1732 omnes
1301 1685 1365 1731 nos

235 1773 341 1854 quasi
364 1791 450 1836 oues
474 1773 696 1853 amouimus,
720 1773 975 1854 uuusquisque
1003 1773 1041 1836 in
1064 1772 1161 1836 uiam
1185 1789 1288 1836 suam
1310 1771 1367 1834 de-

235 1877 416 1940 alinauit?
447 1895 539 1960 quam
557 1877 689 1942 dolenda
708 1879 839 1941 caesitas
856 1877 1041 1941 ludaeorum
1063 1876 1147 1940 uiam
1170 1879 1282 1960 negato
1305 1876 1366 1940 sal·

235 1984 341 2046 uatore
363 1981 539 2063 perdiderat
562 1985 593 2046 et
616 1999 751 2046 errorem
775 2000 867 2045 suum
890 1981 967 2045 seire
991 1979 1126 2045 nolebat.

184 2102 208 2142 1⁵
277 2085 337 2150 Hie
360 2103 432 2169 ergo
456 2104 557 2150 sermo
580 2086 704 2150 diuinus
728 2086 784 2150 sub
801 2085 1007 2169 appellatione
1027 2085 1179 2150 iustorum
1196 2085 1261 2149 sine
1277 2103 1365 2168 prae-

233 2190 345 2254 iudioio
368 2209 478 2254 sensus
502 2191 628 2255 alterius
652 2190 752 2273 magis
780 2189 966 2254 Iudaeorum
994 2192 1082 2253 notat
1109 2191 1201 2271 atque
1229 2190 1366 2272 inorepat

234 2293 453 2377 arrogantiam.
484 2312 558 2358 nam
582 2313 652 2358 oum
676 2294 820 2358 denarius
841 2295 872 2357 et
886 2293 1075 2357 centesimus
1098 2312 1245 2358 numerus
1267 2295 1364 2358 iustos

233 2398 447 2480 perfectosque
471 2399 623 2481 designet,
648 2417 748 2462 nouus
773 2402 803 2462 et
826 2398 1047 2481 nonagesimus
1075 2397 1206 2462 iniustos
1237 2401 1268 2462 et
1294 2416 1365 2481 poo-

233 2505 351 2567 oatores
385 2502 454 2584 ipsa
482 2502 644 2584 inperfecti
674 2503 796 2566 numeri
826 2501 947 2566 ratione
977 2501 1129 2585 designat.
1172 2502 1276 2584 itaquo
1307 2503 1364 2566 hoa

182 2624 208 2663 20
232 2607 299 2670 looo
322 2606 427 2670 Iudaei
451 2606 627 2686 elationem,
659 2607 711 2688 qui
742 2625 775 2670 se
803 2607 934 2689 exlege
961 2605 1131 2670 iustificans
1161 2606 1364 2688 redemptoris

233 2711 475 2774 misericordiam
498 2711 725 2793 repudiauerat‚
749 2710 881 2793 apostoli
904 2710 1044 2774 doctrina
1066 2711 1200 2793 castigat
1219 2709 1363 2774 dioendo:

233 2833 303 2879 non
327 2815 504 2895 uolentia,
528 2815 601 2897 quie
623 2815 655 2878 iu
678 2815 789 2878 humili
813 2813 989 2880 Christiano
1017 2815 1085 2898 ipsa
1113 2814 1309 2878 oboedientia
1335 2817 1365 2877 et

233 2917 384 2983 subieotio
407 2937 514 2984 cursus
539 2921 586 2983 est
609 2923 641 2984 et
664 2937 820 2999 aseensus,
844 2920 876 2983 in
899 2918 1005 2982 ludaei
1028 2919 1160 2982 elatione
1187 2919 1294 3002 lapsus
1317 2923 1364 2982 est

233 3025 265 3087 et
286 3023 443 3087 deoursus.
483 3041 568 3104 uon,
591 3024 701 3106 inquit,
729 3024 892 3088 uolentis
915 3042 1032 3105 neque
1055 3025 1251 3088 currentis.
1290 3041 1364 3105 quo·

181 3141 206 3180 ²⁵
233 3127 323 3191 modo
346 3144 405 3191 uox
428 3127 488 3191 ista
509 3127 662 3210 pertinere
689 3131 792 3210 potest
819 3129 857 3191 ad
884 3127 1007 3192 fidelem
1038 3129 1068 3191 et
1097 3125 1213 3192 Christi
1242 3127 1363 3211 legibus

233 3231 401 3312 subditum,
425 3232 463 3295 ad
487 3251 580 3314 quem
603 3231 732 3296 dieitur:
760 3236 796 3296 et
821 3232 857 3297 in
880 3233 961 3316 lege
984 3231 1122 3296 domini
1144 3232 1216 3295 fuit
1238 3233 1364 3296 uolun-

233 3338 290 3398 tas
314 3335 408 3416 eius,
439 3338 470 3400 et
497 3335 578 3418 quod
601 3337 733 3418 praelati
756 3354 881 3400 sumus:
913 3335 944 3399 si
974 3337 1056 3417 quis
1086 3336 1167 3399 uult
1197 3340 1281 3418 post
1310 3355 1363 3398 me

233 3440 373 3519 uenire,
398 3443 443 3504 et:
469 3440 682 3504 uoluntario
706 3439 1205 3520 saerilioabotibi‚domine,
1229 3443 1277 3503 et:
1302 3439 1362 3521 qui

335 3645 363 3715 3]
381 3645 444 3700 Lus.
465 3649 504 3710 15,
518 3649 542 3701 7.
592 3646 635 3715 ll]
649 3645 717 3700 Esai.
731 3650 773 3712 53,
787 3650 809 3702 6.
858 3647 903 3716 26]
922 3645 1020 3701 Psalm.
1036 3649 1095 3711 1,2.
1144 3647 1188 3716 21]
1208 3646 1269 3701 Luo.
1284 3651 1308 3712 a,
1321 3650 1361 3703 23.

232 3732 277 3802 28]
296 3733 394 3786 Psalm.
414 3736 454 3798 53,
467 3736 491 3790 8.
545 3732 607 3788 Luo.
627 3737 651 3798 9,
664 3736 705 3789 24.

276 3906 424 3962 lremedio
443 3925 465 3975 o,
484 3907 630 3962 remedium
648 3911 676 3964 P
726 3909 880 3977 3rnagiso
936 3907 1045 3976 angelus
1064 3909 1103 3963 P¹
1162 3909 1318 4010 ‘legentem
1338 3909 1365 3961 P

231 4021 351 4088 supraP
396 4023 549 4088 9supraP
595 4024 626 4077 10
645 4021 703 4089 quis
722 4038 738 4074 a
754 4023 859 4091 saepsi,
879 4021 923 4088 qui
942 4037 969 4073 se
987 4037 1003 4073 a
1021 4022 1055 4088 P,
1073 4021 1131 4088 quis
1149 4036 1214 4075 eoo
1260 4021 1365 4074 errisP

233 4109 262 4162 ll
277 4123 368 4160 omues
382 4137 408 4144 -
420 4105 572 4175 perdiderat
583 4109 690 4174 ooe.P¹,
710 4109 740 4162 io
752 4110 806 4177 fine
817 4110 937 4178 popinae
950 4107 1061 4162 uuaz*
1103 4109 1135 4162 14
1146 4107 1317 4176 perdiderant
1326 4108 1363 4162 Ρ1

231 4219 356 4273 nolebant
373 4221 401 4273 P
453 4222 485 4274 15
504 4219 661 4288 apellatione
679 4222 706 4274 P
759 4223 790 4275 16
809 4222 904 4288 atquae
922 4221 949 4275 P
996 4223 1027 4276 17
1046 4185 1195 4288 algentium
1219 4221 1246 4274 P
1303 4235 1362 4272 oeu-

231 4305 349 4358 tissimus
369 4306 395 4359 P
466 4309 497 4362 18
524 4306 720 4375 parleotosqmre
744 4307 772 4360 P
842 4310 873 4362 19
897 4307 1001 4375 itaquae
1025 4308 1052 4360 P
1120 4309 1153 4362 20
1177 4306 1319 4360 elationem
1338 4308 1364 4360 P

231 4395 265 4447 22
282 4396 309 4446 et
326 4411 376 4449 om.
390 4393 417 4447 P
472 4395 506 4448 24
524 4393 661 4462 inquidP
721 4409 820 4464 nequae
839 4396 866 4450 P
921 4393 996 4450 2610
1016 4394 1043 4447 P
1102 4397 1136 4450 28
1154 4393 1318 4447 uoluntariae
1337 4393 1364 4447 P
