3244 5130
647 503 744 559 nruer
761 504 775 559 1
794 507 834 562 rs.
1246 501 1307 567 129

170 699 226 762 per
256 679 423 745 uerborum
454 683 631 746 nostrorum
662 698 754 745 sonos
785 679 929 745 sensibus
960 680 1075 745 nostris
1106 699 1211 744 rerum
1241 678 1308 743 elfi-

171 785 300 849 cientiae
325 785 586 850 demonstrantur.
622 787 761 849 ceterum
783 785 915 850 localem
939 789 1060 850 motum
1083 785 1183 849 uirtus
1204 783 1309 848 diuina

170 905 233 952 non
263 889 391 972 patitur,
422 907 502 971 quae
531 907 589 953 uec
619 908 655 953 ex
686 908 778 954 cursu
809 893 920 973 agente
951 889 1077 954 aduenit
1103 907 1160 952 nec
1182 905 1309 952 recursu

170 992 297 1057 labente
320 993 459 1058 discedit.
510 995 563 1076 qui
590 994 674 1058 enim
705 993 824 1058 excedit
853 993 969 1074 omnia,
1000 1011 1059 1076 quo
1089 993 1226 1058 recedit?
1271 992 1308 1056 de

172 1099 279 1162 sancto
303 1099 413 1181 spiritu
437 1117 525 1164 sacra
547 1099 712 1163 didicimus
734 1099 881 1163 lectione:
913 1099 1075 1163 eeclesia
1102 1101 1226 1162 autem
1248 1115 1308 1180 pa·
1347 1121 1360 1161 a

171 1219 246 1265 cem
278 1202 442 1267 habebat
469 1223 534 1286 per
556 1205 673 1268 totam
696 1203 874 1267 Iudaeam
897 1203 1092 1267 ambulans
1115 1203 1152 1266 in
1175 1202 1308 1266 timore

172 1305 228 1370 dei
252 1311 288 1371 et
311 1307 569 1372 consolatione
595 1307 717 1372 sancti
740 1308 900 1390 spiritus
923 1307 1148 1390 replebatur.
1188 1309 1219 1372 et
1234 1323 1309 1388 quo·

172 1410 262 1475 modo
292 1411 373 1475 inter
402 1411 480 1476 haec
511 1430 582 1475 eum
612 1413 745 1476 localem
776 1413 940 1494 quisquam
966 1411 1139 1494 praesumit
1166 1410 1307 1476 adserere

172 1518 358 1596 creaturam,
374 1516 428 1598 qui
443 1515 583 1580 infinitae
600 1515 810 1580 multitudinis
826 1516 956 1599 implere
972 1515 1121 1600 probatur
1133 1516 1308 1596 ecelesiam,

172 1622 255 1684 utet
276 1619 314 1684 ad
337 1620 441 1703 ipsum
464 1621 619 1703 pertinere
643 1621 844 1685 manifestum
868 1621 919 1701 sit,
943 1620 1024 1702 quod
1044 1621 1202 1703 apostolus
1218 1621 1307 1684 dicit:
1336 1643 1360 1682 ιο

171 1727 277 1805 pater
310 1723 654 1788 misericordiarum
689 1727 725 1788 et
755 1714 842 1788 deus
870 1724 988 1788 totius
1015 1724 1308 1788 consolationis?

170 1826 323 1892 habemus
340 1828 373 1892 iu
389 1828 526 1910 psalmo:
543 1828 714 1892 fluminis
731 1829 891 1911 impetus
908 1829 1098 1893 laetificat
1114 1829 1308 1893 ciuitatem

172 1930 239 1996 dei.
277 1931 346 2014 qaus
368 1936 416 1997 est
430 1932 489 1996 iste
504 1931 644 1996 fluminis
667 1932 825 2015 impetus?
848 1933 901 1996 ille
924 1933 1081 2013 nimirum,
1106 1933 1143 1996 de
1160 1949 1219 2014 quo
1236 1932 1309 1996 dicit

172 2034 315 2100 domiuus
348 2055 403 2119 per
433 2035 620 2100 Iohannem:
656 2037 718 2118 qui
750 2036 869 2100 credit
899 2036 936 2100 in
967 2056 1036 2118 me,
1073 2037 1233 2100 flumina
1265 2037 1307 2100 de

171 2143 301 2204 uentre
332 2141 411 2204 eius
442 2141 565 2205 fluent
591 2158 708 2222 aquae
739 2141 856 2205 uiuae.
903 2140 1109 2205 haecdicit
1139 2140 1307 2205 dominus
1335 2165 1360 2202 ιε»

171 2241 276 2308 lesus
289 2243 331 2308 de
344 2244 497 2327 spiritu,
510 2263 617 2326 quem
630 2244 942 2328 erantaocepturi
956 2245 1150 2310 eredentes
1167 2245 1204 2310 iu
1216 2263 1306 2308 eum.

213 2347 294 2414 Uide
323 2347 587 2432 magnificentiam
618 2349 800 2414 maiestatis.
845 2349 890 2414 sie
920 2349 952 2414 in
979 2351 1068 2414 terris
1092 2349 1236 2414 tribuitur
1259 2367 1308 2413 ec-

172 2452 281 2517 clesiae
312 2452 372 2534 dei,
403 2455 438 2516 ut
466 2456 573 2518 tamen
602 2454 634 2517 in
657 2453 751 2518 caelis
773 2452 922 2518 laetificet
945 2454 1104 2518 ciuitatem
1127 2455 1185 2518 dei.
1231 2454 1308 2518 ciui-

172 2559 268 2621 tatem
292 2557 351 2638 dei,
375 2557 407 2621 id
430 2561 478 2622 est
499 2577 666 2641 regnorum
690 2557 873 2622 caelestium
892 2559 988 2640 ciues,
1011 2576 1163 2642 supernae
1180 2558 1308 2622 militiae

172 2662 312 2745 populos,
342 2661 547 2744 principatus
577 2665 749 2746 potestates
781 2680 817 2726 ee
846 2663 1073 2728 dominationes
1098 2661 1307 2726 ineffabilibus
1334 2687 1360 2728 so

171 2765 291 2848 gaudiis
322 2782 377 2848 pro
407 2766 600 2830 conscientia
630 2769 774 2832 aeternae
800 2764 1003 2830 beatitudinis
1025 2766 1142 2850 inrigat
1164 2770 1195 2831 et
1216 2765 1308 2830 uber-

173 2873 236 2933 tate
267 2869 405 2934 laetitiae
429 2870 634 2936 exundantius
657 2871 798 2951 inebriat,
829 2873 1013 2936 concentum
1036 2870 1113 2935 caeli
1134 2871 1165 2934 in
1190 2871 1308 2934 exulta-

173 2973 255 3038 tione
279 2976 416 3038 torrente
440 2991 514 3038 suae
537 2974 788 3040 sanctificationis
805 2975 980 3040 exsuscitat.
1016 2976 1042 3040 si
1057 2975 1133 3039 haec
1150 2977 1239 3039 tanta
1252 2993 1308 3057 per

173 3077 310 3160 aliquam
331 3081 506 3144 creaturam
529 3079 637 3144 donari
660 3079 804 3161 opinaris,
828 3079 950 3143 diuinae
972 3079 1129 3161 potentiae
1148 3079 1306 3163 proprium

174 3181 250 3246 nihil
273 3181 435 3265 relinquis.
471 3183 498 3247 si
520 3184 607 3264 haec,
630 3183 768 3266 inquam,
792 3203 847 3267 per
867 3184 1004 3265 aliquam
1028 3184 1135 3248 donari
1158 3185 1306 3248 aestimas
1334 3209 1359 3248 ss

173 3290 357 3368 creaturam,
391 3287 422 3352 in
455 3288 638 3372 angelorum
670 3292 701 3352 et
732 3287 989 3372 archangelorum
1020 3287 1120 3352 tendis
1149 3287 1307 3368 iniuriam,

174 3389 397 3472 pubescente
419 3395 450 3458 et
472 3393 548 3457 talia
570 3393 666 3458 uibui
688 3412 743 3477 per
766 3393 907 3458 conserui
930 3393 1077 3458 aestimas
1100 3393 1306 3478 largitionem.

275 3555 305 3626 s]
324 3555 383 3611 nel.
397 3559 422 3624 s,
434 3559 476 3613 31.
515 3555 559 3626 11]
578 3555 667 3612 acor.
681 3557 705 3622 1,
718 3559 742 3612 a.
781 3556 824 3626 ra]
843 3555 1028 3621 Padusae.
1068 3555 1217 3626 14]10ann.
1231 3557 1307 3619 aas.

218 3712 407 3768 leitieiendee
424 3715 458 3779 P,
476 3713 654 3768 efficientiae
722 3712 957 3769 ademonstratur
975 3714 1003 3768 P
1069 3713 1191 3782 leuim]
1214 3728 1274 3766 eum
1292 3731 1308 3768 o

176 3800 305 3870 inspiritu
324 3803 415 3855 sancto
434 3802 462 3857 P
513 3817 588 3856 sacra
605 3819 656 3858 ooo.
670 3801 697 3855 P
748 3799 816 3856 idi
826 3803 856 3869 V,
876 3801 1018 3855 dominiP
1068 3800 1177 3868 spiritus
1196 3799 1308 3854 sanctio

176 3889 281 3958 ileum]
301 3889 372 3942 cuim
392 3889 419 3944 P
470 3904 585 3943 asserere
602 3889 630 3944 P
681 3891 837 3944 9oreatura
854 3889 882 3944 P
935 3891 967 3944 13
984 3887 1112 3956 impetus]
1131 3887 1182 3940 nisi
1199 3887 1263 3942 edd.
1282 3888 1311 3941 P

177 3979 206 4032 15
223 3975 273 4030 hoe
291 3975 359 4028 dixit
377 3995 393 4031 o
447 3977 478 4032 16
496 3975 630 4045 accepturi
648 3977 724 4029 eraut
742 3976 769 4030 P
826 3977 858 4032 18
875 3977 989 4031 ultonem
1008 3974 1142 4028 ciuitatem
1163 3973 1204 4028 dei
1223 3993 1273 4030 om.
1292 3993 1309 4030 o

174 4091 204 4144 21
217 4047 534 4154 beatiffiuisPstumou.
548 4090 608 4156 ult.)
654 4087 788 4158 irrigatP
832 4090 866 4143 22
879 4087 1076 4142 exultationiV
1120 4091 1153 4144 24
1166 4087 1308 4157 opineriso

175 4177 206 4230 25
219 4175 460 4244 donariaeelimes]
474 4177 636 4231 existimasse
688 4176 795 4230 estimas
809 4175 957 4244 Patropue
969 4177 1026 4231 loco
1078 4177 1111 4230 22
1125 4175 1307 4244 largitionem]

176 4261 338 4318 umerum
371 4263 418 4318 ns
449 4245 516 4318 arus
544 4244 607 4318 s'ob
635 4261 742 4316 umus
768 4261 903 4316 smnus
933 4262 996 4318 aaa.
1029 4261 1193 4330 unma-
1213 4243 1307 4315 tax

176 4351 215 4406 bis
231 4351 293 4406 add.
313 4352 342 4406 P

636 4513 833 4520 .....--....—

226 4550 277 4590 llll.
291 4549 362 4591 Feust.
1135 4549 1150 4592 tl
