3222 5144
588 495 639 552 111.
658 495 811 568 Epistula
828 500 904 556 8-9.
1254 495 1316 562 211

181 689 240 738 sua
265 671 347 738 felici
368 687 406 736 aa
427 672 542 756 placita
564 671 625 738 sibi
648 672 858 757 longaeuitate
881 672 1076 755 multiplicet,
1106 672 1219 737 domne
1242 671 1319 755 piis-

180 776 260 841 sime
275 779 307 842 at
320 776 354 842 in
366 774 491 842 Christo
506 794 630 842 summo
645 777 723 842 mihi
738 777 855 844 honore
871 775 1071 860 singulariter
1086 776 1251 842 excolende
1262 774 1317 840 fili.

697 1021 801 1086 VIIII.

179 1179 301 1224 nomo
328 1180 568 1224 nnumu'rlssnro
596 1183 637 1223 ΕΤ
659 1181 741 1224 TOTA
763 1181 908 1224 Plautius
931 1181 1067 1224 llllt'l'U'l'll
1090 1181 1319 1224 amuunnmuna

427 1266 613 1310 EXOOIAENDO
636 1267 751 1310 nasum
774 1269 902 1312 numero
926 1268 1073 1312 FAUS‘I'US.
1357 1272 1371 1314 ὃ

223 1401 364 1486 Propitia
378 1401 541 1468 diuinitate
557 1403 589 1468 in
605 1407 724 1468 secreto
739 1403 896 1486 religionis
913 1420 1049 1488 congruo
1073 1406 1106 1468 st
1126 1402 1319 1486 tranquillis-

179 1505 261 1571 simo
282 1506 315 1570 in
338 1506 461 1572 silentio
484 1507 657 1589 constituti,
679 1507 711 1572 in
734 1525 796 1590 quo
814 1507 957 1574 dominus
978 1508 1017 1572 ad
1032 1507 1210 1592 rubiginem
1225 1507 1319 1591 longa

179 1610 347 1676 sacumtate
379 1615 573 1678 contractam
602 1613 780 1678 salutiferae
803 1613 910 1678 limam
934 1612 1146 1696 castigationis
1169 1611 1317 1692 admouit,

57 1725 60 1730 '
179 1715 213 1782 in
236 1714 306 1797 hac,
329 1717 468 1799 inquam,
498 1717 601 1799 quiete
624 1735 749 1800 magna,
781 1713 816 1781 si'
830 1733 1048 1801 agnoscamus,
1079 1717 1241 1782 uacatione
1264 1716 1319 1782 do·

179 1820 247 1885 nati
276 1819 350 1886 dum
381 1837 477 1886 nouos
508 1822 592 1886 ciues
622 1821 808 1887 commercio
838 1821 976 1886 caritatis
1007 1821 1211 1904 adquirimus,
1243 1820 1317 1886 dum
1345 1845 1371 1886 rc

179 1923 218 1989 de
241 1923 467 2008 adquisitorum
491 1925 591 1990 saluta
614 1926 798 2009 gaudemus,
821 1926 902 1990 inter
925 1926 1002 1990 haec
1024 1926 1118 2008 positi
1132 1925 1214 1990 bona
1229 1941 1318 2009 prae·

179 2028 262 2094 senti
284 2029 473 2094 insultamus
496 2029 586 2094 exilio
610 2033 642 2095 et
663 2029 799 2113 patriam
821 2047 877 2096 nos
901 2047 963 2094 non
986 2030 1141 2110 amisisse,
1163 2029 1219 2094 sed
1233 2047 1318 2094 corn-

179 2135 320 2198 mutassc
350 2133 577 2217 cognoscimus.
623 2151 697 2198 nam
725 2133 799 2198 dum
823 2132 929 2198 fideles
952 2133 1063 2198 famuli
1085 2133 1135 2198 dei
1156 2134 1189 2198 in
1211 2150 1318 2198 neces·

179 2235 327 2302 sitatibus
349 2237 463 2301 nostris
486 2237 658 2302 bonitatem
681 2255 755 2302 suae
778 2237 951 2302 deuotionis
975 2241 1127 2319 exercent,
1155 2238 1223 2302 sine
1245 2238 1317 2302 sede

178 2341 303 2424 propria
325 2357 531 2424 possessores,
555 2343 622 2406 sinc
644 2342 840 2424 possessione
864 2342 976 2408 diuites
1000 2361 1119 2423 sumne,
1142 2343 1239 2408 immo
1254 2359 1317 2422 eos,
1345 2367 1371 2408 rr

179 2445 234 2528 qui
264 2445 302 2510 da
333 2449 439 2510 nostra
469 2447 607 2510 fructum
638 2447 764 2529 capiunt
793 2447 1013 2528 consolatione,
1048 2447 1194 2512 ditamus.
1239 2447 1317 2511 miro

180 2549 272 2614 modo
305 2551 515 2616 consolatores
550 2551 648 2617 nostri
681 2549 719 2614 de
752 2551 949 2634 pauperculis
984 2551 1184 2635 negotiantur
1213 2554 1246 2615 et
1280 2549 1317 2614 de

180 2654 286 2738 egenis
309 2653 397 2719 lucra
418 2657 568 2738 perpetua
591 2658 787 2737 concoquunt
826 2703 833 2719 .

221 2757 292 2842 Ego
324 2761 429 2822 autem
460 2758 542 2824 hanc
571 2759 704 2842 primam
736 2758 981 2824 munificentiam
1011 2759 1137 2824 domino
1166 2759 1318 2844 largiente

181 2863 316 2947 percepi,
346 2863 428 2946 quod
450 2863 609 2946 piissimus
633 2882 721 2928 meus
744 2863 886 2928 Ruricius
909 2867 980 2947 post
1002 2863 1085 2928 uitae
1108 2863 1200 2928 huius
1223 2863 1318 2930 iacta·
1345 2888 1371 2928 so

180 2967 280 3032 tiones
304 2967 343 3032 ad
365 2969 491 3050 portum
513 2967 671 3052 religionis
694 2985 817 3052 proram
841 2968 951 3032 salutis
967 2968 1079 3032 excelsi
1094 2985 1190 3033 manu
1204 2967 1319 3052 guber·

179 3075 276 3137 nante
309 3071 472 3162 conuertit,
503 3071 584 3155 quod
607 3075 678 3155 post
700 3069 828 3137 umbras
851 3072 1064 3137 seducentium
1088 3073 1264 3138 uanitatum
1287 3075 1319 3138 et

180 3175 353 3242 inlusioncs
375 3176 637 3242 uansuolantium
661 3177 853 3241 somniorum
875 3193 1024 3242 mansura
1047 3179 1077 3240 et
1092 3175 1191 3241 solida
1206 3193 1318 3241 concu-

180 3281 259 3365 piuit
289 3283 321 3346 et
350 3280 496 3364 despecto
526 3279 653 3346 tandem
682 3281 807 3346 saeculo
837 3281 1052 3346 infelicitatem
1080 3281 1146 3346 cius
1169 3297 1317 3365 maguam

179 3384 311 3470 respuit,
341 3385 523 3450 felicitatem
554 3389 585 3450 et
614 3385 737 3450 luomm
759 3385 808 3450 sui
835 3385 873 3450 dc
896 3385 1012 3450 mundo
1035 3387 1185 3469 pereunte
1208 3383 1318 3466 adqui·
1344 3409 1370 3450 aa

179 3489 256 3554 sinit
292 3507 391 3572 aeque
428 3488 561 3554 fideliter
596 3493 690 3572 atquc
724 3488 956 3554 conlabentium
990 3508 1095 3554 rerum
1125 3490 1200 3573 fuga
1228 3506 1318 3573 prae·

179 3594 307 3674 leniens,
336 3611 398 3676 qna
426 3611 501 3678 opes
528 3596 708 3678 contemptu
731 3611 787 3660 suo
810 3593 951 3675 contulit,
982 3611 1061 3676 quae
1083 3593 1147 3658 iam
1169 3594 1240 3659 usui
1262 3610 1317 3658 suo

226 3753 239 3807 1
258 3747 311 3804 sibi
328 3765 379 3806 cos.
397 3765 414 3806 a
465 3747 666 3818 longanitatcS
715 3747 873 3820 piissirnod
921 3747 1174 3805 idoniotissimoS
1225 3750 1317 3816 dpro·

179 3837 252 3908 pisia
270 3837 294 3894 S
345 3835 480 3905 religionis
495 3837 518 3892 S
527 3835 580 3903 (nis
594 3853 646 3906 per
663 3836 851 3906 compendium
862 3837 1012 3906 coaptum),
1031 3834 1152 3904 religioni
1164 3835 1318 3892 Knasclaiaas

179 3929 196 3982 Β
220 3923 405 3981 mundares
471 3921 565 3978 duram
591 3922 712 3977 admouit
736 3925 849 3994 Stiitisap
871 3925 888 3978 1.
904 3925 921 3978 i.
940 3927 998 3986 706,
1026 3921 1106 3976 clima
1131 3921 1271 3976 admonuit
1296 3922 1320 3978 S

179 4011 304 4082 aquata
322 4011 484 4079 chlaiac
502 4010 593 4078 quiet
611 4011 635 4066 S
686 4013 716 4066 ll
736 4009 892 4080 presentis
949 4011 980 4066 12
998 4009 1112 4078 patriam
1131 4009 1253 4079 Statim,
1270 4013 1318 4078 pat

179 4101 273 4157 meris
290 4099 388 4154 litteris
405 4097 531 4154 mdo
544 4098 574 4165 S,
591 4099 723 4166 patrenus
776 4099 808 4152 16
825 4096 993 4166 accipiunto
1047 4097 1077 4152 17
1096 4093 1267 4150 consolatoris
1280 4095 1317 4152 8¹

180 4185 356 4256 negociantur
374 4185 398 4242 S
447 4186 482 4240 20
499 4183 649 4238 motationis
668 4185 692 4242 S
741 4186 776 4240 22
794 4183 916 4238 uanitum
935 4183 958 4240 S
1013 4185 1047 4239 24
1066 4181 1184 4252 dispecto
1203 4183 1226 4239 S
1276 4181 1317 4236 in·

180 4271 349 4342 felicitatem]
367 4269 468 4326 infelici
486 4273 604 4328 mame
667 4271 701 4328 25
719 4270 821 4341 respuit
838 4269 999 4338 namnam,
1017 4269 1149 4340 rapuitS
1215 4267 1317 4338 11111101-

180 4359 302 4416 tatemS
352 4357 538 4427 adquesiuitS
589 4359 623 4413 26
641 4372 722 4426 acqua
739 4359 845 4428 calpa,
864 4371 922 4412 ecca
935 4357 964 4426 S,
983 4361 1039 4412 arte
1051 4375 1075 4427 o,
1091 4371 1155 4427 paca
1167 4357 1318 4414 Μοπιωειη

181 4445 296 4502 fideliter
307 4447 414 4516 scripsi,
426 4445 537 4503 fldeliS
573 4445 754 4513 praedensa
791 4447 825 4500 27
838 4445 1011 4502 conamus
1043 4443 1103 4498 usui
1115 4445 1221 4514 seipsi,
1234 4445 1319 4502 nsuS

1114 4531 1161 4586 1⁴*
