3320 5140
312 483 331 540 ll
771 477 792 531 Ι,
812 478 855 530 De
874 476 981 544 gratia

341 657 420 714 XIII.
447 656 500 714 Ubi
524 655 579 712 sibi
603 655 697 729 gratie
712 654 755 712 dei
771 657 800 712 et
814 653 949 712 uoluntas
965 653 1091 711 humana
1106 653 1333 712 testimoniorum
1349 670 1444 711 asser·

444 759 521 818 tione
544 759 691 816 sooiantur
717 761 746 816 ot
773 759 806 816 de
829 757 957 832 paruulis
982 757 1078 814 inanis
1101 757 1244 816 calumnia
1270 759 1445 816 transeundo

444 862 678 938 praestringitur.

327 969 420 1026 XIIII.
445 968 550 1025 Contra
572 967 634 1036 hoe,
658 967 729 1041 quod
753 966 853 1024 dicunt
875 983 932 1029 eos.
956 965 1005 1038 qui
1028 969 1094 1038 post
1116 965 1288 1040 baptismum
1313 969 1444 1038 pereunt,

446 1071 475 1128 in
497 1070 670 1145 baptismum
694 1070 811 1144 penitus
835 1087 892 1127 non
916 1068 1077 1127 credidisse.

357 1175 418 1233 XV.
443 1175 484 1232 De
506 1174 592 1232 ruina
614 1173 709 1248 angeli
732 1176 761 1232 et
779 1174 883 1232 habere
903 1175 1018 1230 sanctes
1038 1173 1154 1247 angelos
1170 1173 1385 1230 similitudinem
1402 1174 1445 1231 dei

445 1281 544 1337 eontra
567 1279 743 1353 quorundam
765 1277 989 1351 persuasionem.

344 1383 420 1442 IIVI.
446 1383 590 1442 Christum
613 1399 662 1456 pro
686 1381 817 1440 omnibus
841 1385 991 1440 mortuum.

328 1488 418 1546 IIVII.
444 1488 549 1545 Contra
563 1487 624 1556 hoo,
648 1487 721 1560 qued
737 1486 845 1557 dicunt,
869 1485 994 1560 quindei
1011 1485 1148 1544 uiolentia
1164 1485 1278 1544 induret
1293 1485 1447 1554 homiuem,

265 1607 288 1644 ιο
446 1609 483 1649 ne
505 1591 604 1648 uenire
627 1590 722 1648 ualeat
744 1592 778 1648 ad
801 1590 932 1648 salutem.

314 1695 420 1754 XVIII.
444 1695 561 1753 Nullum
584 1695 700 1753 uolente
723 1696 772 1752 deo
795 1693 897 1768 perire.

705 2471 843 2556 LIBER
871 2471 1057 2556 PRIMUS.

872 2665 896 2728 I.

316 2814 400 2862 ouon
416 2810 543 2854 annuam
560 2810 682 2869 sunaus,
700 2811 752 2859 our
770 2809 909 2850 enarrem
933 2809 1082 2864 saeuum,
1104 2809 1199 2850 nnruo
1215 2809 1294 2850 uoco
1313 2809 1451 2850 sanasse

265 2911 289 2950 15
463 2907 466 2914 ¹
777 2897 824 2936 srn
848 2897 991 2936 nnsrnur.

359 3029 411 3118 Ile
434 3053 535 3136 gratia
557 3052 606 3115 dei
630 3055 661 3114 et
684 3052 835 3114 tenuitate
859 3050 948 3114 liberi
971 3051 1090 3114 arbitrii
1113 3051 1319 3114 inluminante
1344 3055 1451 3114 saneto

317 3157 427 3237 spiritu
451 3156 536 3219 iuxta
559 3156 755 3238 euangelieas
779 3155 959 3237 disciplinas
977 3158 1008 3218 et
1023 3155 1206 3236 apostoliens
1229 3156 1353 3237 regulas
1370 3159 1451 3218 trae-

316 3259 410 3324 taturi
436 3260 535 3343 prime
562 3261 629 3324 loeo
653 3259 772 3343 Pelagii
798 3259 1007 3341 blasphemias
1032 3257 1149 3322 seilicet
1176 3259 1237 3322 iam
1261 3258 1377 3321 dudum
1401 3279 1451 3321 ee-

317 3365 427 3427 clesiae
451 3363 621 3428 catholicae
645 3363 705 3428 lide
727 3363 876 3445 proditae,
901 3363 1072 3426 eruditione
1089 3363 1244 3442 confusas,
1268 3361 1451 3425 auctoritate

264 3481 290 3521 ²⁰
317 3469 450 3530 calcatas
473 3467 562 3531 breui
578 3473 609 3532 et
625 3469 798 3531 necessario
814 3485 956 3531 sermone
980 3466 1253 3550 praestringendas
1270 3485 1337 3528 esse
1354 3465 1452 3528 eredi-

317 3572 429 3650 dimus,
452 3589 507 3653 pro
531 3591 566 3634 eo
590 3572 670 3653 quod
693 3573 773 3634 inter
795 3572 930 3653 reliquas
954 3571 1110 3653 dogmatis
1133 3571 1181 3633 sui
1204 3569 1451 3633 eborninalioues

317 3676 410 3738 etiam
434 3675 572 3738 laborem
596 3675 728 3738 hominis
752 3677 856 3739 ualere
882 3693 973 3757 posse
997 3675 1063 3738 sine
1085 3675 1187 3757 gralia
1208 3674 1341 3736 elatione
1364 3673 1453 3736 dam-

317 3779 414 3843 nabili
437 3779 600 3842 adfirmare
624 3784 753 3843 conatus
777 3783 833 3843 est.
870 3783 900 3842 et
924 3779 991 3842 ideo
1015 3778 1148 3842 nefarios
1172 3797 1281 3841 seusus
1306 3796 1377 3841 suos
1400 3778 1451 3840 uel

309 3880 352 3947 'er
380 3889 468 3966 parte
496 3884 599 3965 aliqua
626 3883 657 3947 in
687 3883 824 3946 medium
852 3883 988 3966 proferre
1017 3881 1210 3962 curabimus,
1238 3885 1273 3944 ut
1300 3881 1452 3944 sollicitus

363 4134 525 4188 Iaserlione
545 4135 571 4186 P
632 4101 827 4202 lbaptismgm
847 4133 874 4187 P
943 4137 958 4188 5
980 4132 1114 4200 baptismo
1134 4133 1161 4186 P
1231 4135 1262 4188 12
1286 4131 1453 4186 EXPLICIT

318 4219 675 4275 F'ELICI'IERINCIPIT
703 4219 809 4272 LIBER
836 4219 971 4273 PRIMUS
996 4220 1023 4272 P
1093 4223 1123 4274 Il
1152 4218 1234 4286 quod]
1263 4218 1294 4271 de
1321 4219 1400 4273 addit
1429 4221 1457 4272 P

317 4332 403 4400 gralia
421 4334 448 4387 P
511 4335 541 4387 15
560 4298 642 4384 distfui
661 4333 688 4385 P
754 4335 785 4388 18
803 4331 977 4401 blasphemia]
996 4333 1023 4385 P
1079 4330 1218 4384 eeolaesiee
1237 4333 1263 4386 P
1326 4333 1358 4386 20
1377 4347 1454 4384 neue-

318 4419 432 4478 sarioP
478 4417 609 4475 neumas
627 4419 676 4490 1³¹,
694 4417 720 4475 di
737 4437 866 4492 superem.
885 4421 928 4476 1³²
978 4421 1010 4476 21
1034 4418 1088 4473 auis
1106 4419 1133 4473 P
1182 4417 1381 4476 sanem-101²
