3320 5140
327 478 348 532 L
770 479 1010 548 Prolegomena.

325 655 452 737 legeret,
484 654 608 734 deleuit,
637 655 686 734 uel
716 652 1043 736 166,1211t1oe,2,
1070 654 1123 719 ubi
1150 655 1297 720 breuiteti
1328 656 1455 721 studens

326 756 417 818 intra
438 756 640 842 paradisum
666 775 721 841 pro
747 758 784 820 ia
807 757 967 843 paradisi
990 757 1188 822 habitatione
1211 763 1242 824 et
1269 758 1455 822 damnanda

325 859 494 924 condemno
517 879 572 945 pro
594 882 676 946 qaae
698 871 774 924 suot
790 861 947 925 damnata
963 861 1078 925 damno
1094 864 1226 948 scripsit.
1265 883 1365 947 neque
1385 865 1456 929 lorti

325 966 525 1032 tribuendum
548 971 605 1048 est,
633 968 725 1050 quod,
753 987 832 1051 quae
856 972 978 1033 exstant
1000 970 1032 1034 in
1055 969 1162 1033 Luoidi
1190 970 1323 1052 epistula
1344 969 1456 1033 indea

324 1090 354 1153 p.
374 1069 444 1152 166,
461 1069 621 1153 24-161,
639 1069 689 1153 11,
712 1073 743 1136 in
767 1072 792 1136 P
815 1072 936 1137 desunt.
975 1073 1007 1137 in
1031 1072 1090 1137 hao
1113 1074 1195 1138 enim
1218 1078 1305 1156 parte
1322 1073 1455 1138 Luoidus

324 1194 386 1240 non
413 1175 550 1240 breuiter
577 1193 695 1240 errores
723 1195 795 1241 euos
822 1181 948 1249 reuocat
974 1178 1025 1242 uel
1053 1178 1176 1262 singula
1197 1182 1363 1261 praecepta
1386 1178 1455 1242 doe-

324 1280 423 1344 trinae
454 1279 624 1344 oatholioae
652 1282 773 1361 asserit,
804 1282 858 1345 sed
886 1281 1106 1364 disputationis
1132 1282 1232 1346 instar
1259 1282 1382 1366 longius
1405 1301 1455 1346 er-

323 1384 429 1464 currit,
460 1385 491 1448 id
522 1385 603 1466 quod
633 1402 724 1468 aegre
752 1385 819 1449 sine
847 1385 939 1449 dubio
966 1386 1038 1450 tulit
1064 1387 1267 1470 interpolator
1294 1389 1455 1468 totumque

322 1488 426 1554 looum
450 1488 488 1553 ad
510 1489 619 1553 uiuum
642 1490 784 1553 resecuit.
823 1490 877 1554 sed
894 1490 958 1553 inre
975 1490 1129 1573 quispiam
1145 1490 1260 1554 obieiat
1275 1507 1336 1555 non
1356 1491 1455 1554 uideri

323 1593 388 1656 neri
411 1593 512 1657 simile
536 1593 663 1658 oonsilio
685 1594 886 1675 interpolatas
910 1613 978 1658 esse
1001 1595 1078 1658 duas
1100 1595 1170 1658 illas
1194 1595 1343 1678 epistulas
1366 1595 1398 1659 in
1418 1595 1453 1674 P,

323 1715 394 1761 oum
417 1699 449 1762 in
471 1697 592 1779 reliqua
614 1701 701 1780 perte
724 1698 836 1762 oodieie
860 1697 898 1761 ab
923 1698 1030 1762 eadem
1052 1717 1146 1762 manu
1163 1703 1340 1763 maratana
1355 1699 1453 1762 ullum

321 1801 445 1883 quidem
461 1801 629 1885 uestigium
644 1801 891 1884 interpolationis
908 1805 1008 1866 exstet
1019 1801 1073 1885 (ol.
1087 1820 1180 1885 supra
1194 1823 1224 1886 p.
1237 1803 1380 1886 XXXV).
1405 1803 1453 1866 oui

321 1905 573 1988 respondendum
601 1909 648 1969 est
675 1909 729 1970 aut
752 1905 903 1970 Faustum
930 1907 1034 1988 ipsum
1061 1907 1092 1970 in
1116 1907 1254 1974 secunda
1274 1907 1453 1972 recensione

322 2009 473 2090 epistulas
504 2010 688 2074 immutasse
712 2012 765 2073 aut
787 2009 853 2072 fieri
876 2009 1024 2092 potuisse,
1055 2013 1090 2074 ut
1119 2010 1263 2075 librarius
1292 2011 1405 2075 oodiois
1428 2010 1452 2073 P

321 2113 372 2176 uel
400 2113 465 2177 eius
493 2113 688 2196 exemplaris,
718 2113 799 2176 unde
822 2113 848 2176 P
871 2113 1020 2196 originem
1048 2114 1145 2194 duxit,
1177 2134 1212 2178 er
1240 2115 1299 2178 alio
1322 2115 1452 2178 fortasse

323 2217 407 2281 tonte
438 2218 541 2282 minus
571 2235 648 2301 puro
679 2217 826 2300 epistulas
859 2235 952 2298 qnam
983 2218 1077 2282 libros
1108 2218 1145 2282 de
1175 2219 1278 2302 gretia
1304 2219 1451 2283 hauriret.

321 2327 391 2385 utra
414 2322 569 2386 sententia
591 2338 666 2385 uera
688 2322 738 2401 sit,
761 2321 888 2385 uideant
910 2321 977 2395 elii;
1001 2326 1083 2386 certe
1106 2322 1255 2388 oodioisS
1276 2323 1452 2402 auotoritas,

321 2426 434 2507 qnippe
458 2427 509 2508 qui
532 2425 665 2508 priorem
688 2425 796 2489 Fausti
819 2425 968 2508 epistulae
991 2427 1204 2490 recensionem
1231 2431 1451 2510 repraesentet,

321 2529 379 2592 hae
402 2530 583 2612 quaestione
607 2547 668 2594 non
691 2529 838 2613 tangitur.

363 2633 492 2698 Minoris
505 2634 599 2698 etiam
612 2633 805 2698 auctoritatis
822 2651 915 2716 qnam
931 2633 956 2697 P
972 2633 1065 2698 ooder
1082 2633 1109 2714 Q
1124 2637 1181 2714 est,
1197 2634 1249 2716 qui
1264 2634 1452 2698 manifestis·

321 2737 401 2802 sime
423 2737 668 2820 interpolationis
691 2737 827 2821 uestigia
848 2755 921 2820 prae
945 2757 978 2802 se
1001 2739 1070 2802 fert.
1109 2755 1146 2801 ao
1168 2739 1304 2820 primum
1327 2738 1451 2820 quidem

320 2843 531 2926 eomplures
554 2843 654 2906 looos
678 2861 694 2906 e
718 2843 905 2924 scriptura
928 2859 1034 2907 saera
1056 2842 1293 2924 depromptos
1314 2860 1451 2906 aoeom-

319 2947 484 3011 modauit
511 2947 553 3011 ad
581 2965 661 3011 enm
684 2950 839 3026 textum,
867 2965 973 3029 quem
995 2945 1151 3030 praebet
1178 2946 1379 3010 translatio
1402 2946 1451 3009 la-

319 3051 413 3131 tina,
437 3070 528 3133 quae
551 3051 689 3115 dieitur
712 3050 888 3134 Uulgata:

644 3239 662 3294 8
985 3238 1008 3306 Q
1026 3255 1085 3294 oum
1105 3239 1221 3308 Uulgata

457 3362 527 3444 186,
546 3361 583 3425 11
601 3362 724 3449 feeerit
891 3359 975 3444 feeit

457 3466 528 3548 186,
544 3466 587 3531 20
601 3466 665 3552 sai
897 3487 985 3528 eram

457 3571 526 3654 187,
564 3571 828 3656 3praeparatae
890 3580 1033 3655 paratae

456 3674 527 3757 187,
565 3675 711 3761 iiipaem
894 3673 1095 3759 suppliciam
1119 3673 1312 3759 (supplicio)

457 3759 848 3864 rae,14oi1‘1(e1111·111)
895 3798 956 3843 om.

318 3989 395 4054 adde
419 3988 501 4071 quod
524 3989 619 4053 etiam
642 3988 686 4052 eis
709 3988 783 4052 loeis
807 3985 834 4067 Q
856 3987 1011 4070 Uulgatae
1034 3990 1153 4050 textum
1175 3985 1313 4067 praebet,
1336 3985 1449 4067 quibus

317 4093 390 4156 ferri
420 4094 537 4175 nequit,
567 4093 655 4157 uelut
686 4090 792 4172 188‚o
821 4099 914 4175 aperit
944 4090 1078 4154 Faustus
1108 4090 1239 4171 scripsit,
1270 4107 1341 4153 oum
1372 4089 1448 4153 duas

318 4197 487 4261 sententias
518 4198 548 4260 in
580 4215 676 4260 unam
705 4196 867 4279 periodum
898 4194 1094 4258 contraheret
1121 4193 1207 4276 (Lue.
1229 4191 1277 4274 16,
1294 4191 1333 4256 21
1351 4193 1447 4276 sqq.):

317 4323 355 4363 ae
378 4311 406 4363 et
429 4301 497 4386 ipsi
518 4301 654 4364 ueniant
677 4310 705 4361 et
728 4300 819 4382 (adde
836 4299 900 4363 soil.
918 4299 968 4382 ut)
994 4297 1279 4382 ..poeaitentiam
1294 4307 1402 4383 ayant,
1417 4298 1449 4362 id

318 4407 399 4488 quod
419 4424 481 4471 non
497 4407 675 4471 obseruauit
690 4404 821 4468 stolidus
837 4403 948 4467 oodiois
965 4401 992 4484 Q
1007 4403 1150 4467 librarius
1173 4405 1205 4466 et
1226 4421 1296 4466 aum
1313 4401 1450 4485 Uulgata
1464 4443 1479 4468 1
