3268 5142
285 436 349 501 408
788 436 916 491 Ruricii

286 613 408 676 mauult
434 614 597 676 nutantem
621 628 657 675 ac
680 611 809 676 dubium
832 611 871 674 ad
894 611 1057 676 seruitium
1081 629 1172 676 suum
1195 609 1327 675 habenis
1350 611 1422 694 piae

286 715 506 780 moderationis
529 714 701 796 adtrahere,
724 713 845 800 (quam)
860 713 1068 779 errabundum
1084 717 1116 780 et
1130 734 1185 798 per
1200 715 1316 779 saeculi
1330 732 1423 798 praa-

286 820 392 902 oipitia
413 819 589 903 lapsantem
612 819 727 884 acriore
750 818 879 883 uerbere
902 819 1074 884 cohercere.

328 922 401 1006 Ipse
434 925 482 987 est
504 923 588 986 enim
609 922 898 1005 indulgentissimus
920 925 1010 1005 pater
1032 922 1177 1002 familias,
1207 923 1260 1005 qui
1282 921 1424 987 animam

248 1057 261 1095 s
287 1043 377 1090 suam
399 1028 487 1109 ponit
508 1044 563 1109 pro
587 1025 699 1090 ouibus
722 1027 796 1090 suis.
834 1025 900 1108 ipse
924 1030 973 1090 est
994 1025 1094 1090 bonus
1117 1029 1231 1109 pastor,
1255 1027 1307 1108 qui
1329 1042 1425 1090 ouem

286 1131 440 1213 perditam
471 1131 509 1194 ad
537 1129 641 1194 caulas
665 1129 836 1194 dominicas
860 1129 981 1194 mauult
1002 1130 1134 1213 propriis
1157 1130 1294 1194 humeris
1317 1147 1425 1212 repor-

287 1236 353 1297 tare
381 1233 540 1313 sollicitus,
570 1250 663 1314 quam
688 1233 823 1297 stimulis
853 1232 1038 1316 mgentibns
1068 1250 1214 1298 reuocare
1245 1233 1423 1297 destrictus.

287 1337 354 1420 ipse
377 1340 425 1400 est
446 1339 535 1420 pater
556 1337 636 1419 pius,
667 1337 721 1419 qui
748 1337 829 1402 male
851 1337 978 1421 prodigo
1001 1337 1064 1401 lilio
1087 1341 1117 1402 et
1140 1341 1324 1421 praeceptae
1348 1336 1426 1401 snb-

288 1441 422 1505 stantiae
454 1441 607 1504 decoctori
637 1440 676 1504 ad
698 1459 732 1506 se
755 1441 805 1505 uel
829 1459 897 1506 sero
919 1431 1062 1506 redeunti
1085 1459 1147 1506 non
1170 1442 1271 1506 solum
1293 1441 1427 1506 crimina

237 1575 262 1614 ro
288 1545 442 1610 anteriora
464 1562 526 1609 non
545 1544 678 1628 inputat,
701 1562 812 1609 uerum
828 1545 923 1610 etiam
938 1545 1079 1629 praemia
1094 1545 1211 1609 amissa
1226 1544 1425 1626 multiplicat,

287 1649 362 1712 dum
385 1648 468 1712 ulnis
492 1649 587 1729 louet,
618 1648 731 1712 osculis
754 1649 938 1731 permulcet,
965 1648 1147 1713 muneribus
1171 1649 1261 1730 ditat,
1283 1647 1427 1712 coccina

288 1751 452 1818 confirmat
473 1770 535 1817 non
558 1753 682 1816 tantum
705 1753 744 1816 ad
768 1753 833 1816 eius
856 1753 1036 1836 indignatus
1057 1751 1248 1832 abscessum,
1271 1755 1427 1834 quantum

287 1858 421 1921 laetatus
452 1856 491 1920 ad
520 1856 664 1920 reditum.
710 1856 776 1939 ipse
801 1856 884 1920 enim
908 1856 1047 1920 omnium
1071 1856 1182 1920 horum
1204 1856 1369 1921 nominum
1391 1855 1426 1920 in

289 1979 322 2024 se
345 1959 473 2024 effectus
494 1959 685 2041 affectusque
702 1961 848 2042 suscepit,
872 1963 917 2040 ut,
940 1961 1020 2024 sicut
1035 1960 1111 2024 dicit
1126 1959 1294 2042 apostolus,
1318 1957 1427 2022 multi-

238 2091 261 2130 a
288 2064 365 2128 faria
388 2064 556 2146 multisque
579 2064 678 2128 modis
699 2082 755 2128 nos
771 2063 906 2128 erudiret
921 2063 1035 2144 uerbis,
1059 2064 1228 2128 instrueret
1243 2061 1426 2145 disciplinis,

287 2170 470 2251 prouocaret
490 2165 662 2248 beneficiis,
693 2167 877 2231 informaret
899 2169 1059 2251 exemplis
1090 2167 1302 2232 reconciliaret
1322 2183 1426 2248 prece,

287 2271 454 2335 redimeret
483 2271 642 2356 passione,
676 2269 849 2334 uiuificaret
879 2274 993 2351 morte,
1027 2271 1253 2336 inmortalitate
1285 2270 1427 2350 donaret,

288 2374 471 2440 iustificaret
502 2375 738 2455 resurrectione,
773 2375 955 2439 ascensione
985 2377 1124 2457 portaret
1154 2377 1184 2437 et
1213 2373 1427 2438 reconciliatos

287 2499 343 2564 per
358 2480 543 2563 sanguinem
559 2498 650 2543 suum
666 2479 698 2542 in
715 2497 795 2560 eam,
820 2497 838 2542 a
854 2497 915 2561 qua
931 2479 1153 2564 excideramus,
1176 2477 1273 2561 patris
1289 2476 1427 2561 gratiam

236 2611 262 2651 eo
287 2585 480 2649 reformaret,
515 2583 581 2666 ipse
606 2583 688 2647 enim
712 2587 760 2646 est
781 2583 864 2666 apud
886 2585 1007 2666 patrem
1029 2578 1205 2666 propitiatio
1229 2585 1335 2646 nostra
1357 2579 1428 2644 sine

287 2689 459 2753 cessatione
480 2706 650 2772 suggerens
666 2687 775 2769 pietati
792 2705 880 2751 suae:
903 2690 1022 2770 pater,
1046 2703 1117 2751 non
1140 2685 1259 2750 solum
1281 2701 1344 2766 pro
1367 2683 1427 2747 his

287 2809 391 2876 rogo,
415 2792 556 2874 sedpro
575 2791 648 2871 his,
672 2791 732 2872 qui
755 2791 936 2855 credituri
959 2793 1050 2854 sunt
1072 2789 1108 2853 in
1124 2807 1178 2853 me
1193 2807 1257 2872 per
1272 2786 1427 2852 uerbum

288 2897 447 2960 illorum.
493 2898 614 2978 pater,
644 2894 744 2975 nolo,
774 2897 827 2975 ut,
859 2895 922 2959 ubi
956 2911 1021 2978 ego
1055 2911 1150 2974 sum,
1185 2897 1220 2957 et
1248 2891 1320 2974 ipsi
1350 2891 1428 2955 siut

289 3017 440 3062 mecum.
487 3001 608 3081 pater,
631 2999 783 3082 ignosce
807 2998 902 3078 illis,
932 2997 1108 3062 nesciunt
1130 2996 1242 3076 enim,
1265 2995 1353 3077 quid
1375 2995 1428 3059 fa-

239 3128 265 3167 rs
292 3103 404 3166 ciunt.
450 3103 517 3185 ipse
547 3101 636 3167 nobis
667 3101 778 3166 cotidie
808 3121 863 3185 per
890 3101 1066 3184 apostolum
1089 3117 1182 3164 suum
1205 3099 1336 3164 clamat:
1367 3116 1428 3162 no-

289 3208 356 3271 lite
386 3205 543 3290 diligere
574 3206 749 3271 mundam
771 3225 889 3288 neque
913 3223 969 3286 ea,
999 3222 1090 3287 quae
1113 3205 1150 3269 in
1173 3202 1306 3268 mundo
1329 3205 1426 3266 sunt.

289 3311 350 3392 qui
367 3310 463 3374 enim
480 3310 609 3393 diligit
624 3310 814 3391 mundum,
836 3327 907 3374 non
931 3313 988 3374 est
1011 3309 1150 3374 caritas
1172 3307 1292 3391 patris
1313 3307 1350 3371 in
1371 3324 1427 3386 eo,

289 3415 377 3497 quia
400 3431 520 3494 omne,
551 3415 645 3495 quod
668 3414 704 3477 in
728 3413 860 3478 mundo
884 3417 953 3493 est,
977 3411 1284 3494 concupiscentia
1306 3410 1428 3474 carnis

290 3521 326 3583 et
345 3518 651 3600 concupiscentia
666 3519 856 3583 oculorum
873 3521 908 3581 et
923 3517 1097 3599 superbia
1112 3516 1214 3579 uitae
1229 3515 1427 3594 humanae,

393 3717 420 3786 5]
439 3715 503 3770 Luc.
519 3718 559 3779 15,
572 3717 595 3770 5.
661 3713 704 3783 14]
724 3713 804 3768 Hebr.
821 3717 880 3778 1,1.
942 3713 988 3782 20]
1009 3711 1128 3768 lIoann.
1141 3715 1165 3777 2,
1178 3713 1203 3767 2.
1268 3711 1315 3780 21]
1333 3710 1428 3765 Ioann.

290 3807 330 3868 17,
343 3806 384 3859 20.
398 3805 444 3866 24;
462 3801 525 3856 Luc.
539 3803 581 3865 23,
594 3803 635 3857 34.
690 3801 736 3871 25]
757 3803 769 3856 1
790 3801 881 3854 ioauu.
896 3803 919 3866 2,
935 3803 974 3856 15.

334 3993 477 4049 lhahauis
495 4011 518 4061 a,
536 3991 679 4048 habensS
738 3992 823 4062 pieS
883 3995 998 4060 aquam
1016 3991 1080 4046 add.
1093 4009 1117 4059 a,
1136 3992 1226 4047 cm.S
1285 3993 1430 4060 opacare

289 4109 304 4160 r
324 4105 667 4176 castrorumlocus,
692 4104 826 4158 districtos
849 4105 872 4161 a
923 4107 940 4160 a
962 4103 1031 4158 mue
1053 4103 1166 4173 prodigo
1188 4121 1212 4171 a,
1231 4069 1324 4172 maris
1349 4103 1372 4159 s
1393 4105 1429 4169 (.

289 4211 360 4247 mcc.
378 4193 438 4259 alt.)
506 4194 660 4262 praeceptae
684 4193 754 4260 S(p
778 4209 849 4246 mco.
867 4193 935 4260 alt),
953 4193 987 4260 cs.
1004 4207 1032 4260 p.
1049 4195 1140 4259 354,8
1210 4193 1241 4246 10
1269 4191 1433 4246 ueruerdS

289 4278 456 4335 ammissaS
509 4281 541 4335 13
553 4279 648 4332 horum
661 4279 809 4333 omniumc
864 4281 894 4334 17
908 4277 1055 4332 redemerat
1068 4279 1104 4334 Β]
1160 4279 1192 4332 19
1208 4276 1433 4333 excederemusS

253 4441 256 4446 1
289 4369 323 4422 23
342 4367 373 4420 ut
390 4383 470 4422 omo
522 4367 556 4421 26
574 4364 731 4434 dilegareS
786 4367 879 4434 queS
934 4367 967 4421 29
986 4367 1094 4420 etanta
1112 4363 1431 4434 concupiscentiacm.o
