3264 5134
616 479 731 534 'Liber
749 479 763 533 I
782 482 890 536 13-14.
1286 481 1327 544 47

183 653 280 736 pheta
303 655 402 718 dicat:
426 654 581 719 exibunt
603 673 719 737 aquae
742 655 850 720 uiuae
874 655 916 718 de
939 655 1191 735 Hierusalem,
1214 656 1245 718 in
1262 655 1329 738 qui-

183 757 244 821 bus
261 759 365 822 uitalis
385 759 487 823 undae
503 763 701 823 sacramenta
716 759 869 844 designat,
894 760 1048 841 quomodo
1071 758 1137 823 fieri
1158 761 1270 841 potest,
1294 763 1330 823 ut

182 862 351 927 innouatus
380 863 474 928 homo
498 864 632 928 deletam
656 863 770 928 ueteris
794 863 928 928 hominis
952 864 1127 928 cautionem
1151 881 1258 928 secum
1280 883 1329 927 re-

183 967 309 1032 tineat?
346 969 497 1050 quomodo
525 968 592 1032 fieri
619 971 733 1050 potest,
757 969 793 1032 ut
814 987 886 1032 cum
910 967 1013 1033 debito
1034 967 1122 1032 Adae
1149 967 1182 1032 in
1207 966 1328 1033 Christo

183 1069 347 1138 absolutus
370 1075 538 1158 resurgat?
577 1073 729 1156 quomodo
752 1071 818 1137 fieri
847 1076 960 1156 potest,
991 1077 1026 1138 ut
1058 1073 1094 1138 de
1126 1073 1205 1137 sacri
1234 1073 1328 1138 fontis
1368 1099 1381 1137 e

183 1175 308 1260 inriguo
331 1196 403 1243 cunr
426 1178 571 1261 adoptiuo
602 1178 651 1243 dei
678 1177 780 1242 adhuc
807 1181 941 1242 mortem
971 1178 1036 1242 uita
1064 1177 1225 1260 parturiat,
1256 1196 1328 1242 cum

183 1280 269 1345 dicat
298 1283 475 1364 apostolus:
511 1283 731 1366 quicumque
762 1283 798 1348 in
830 1282 977 1348 Christo
1006 1281 1189 1366 baptizati
1220 1282 1327 1363 estis,

184 1382 376 1450 Christum
399 1387 603 1452 induistis?
642 1406 734 1470 quem
751 1387 857 1469 utique
873 1387 977 1452 nullus
994 1385 1122 1452 induere
1137 1389 1251 1471 potest,
1268 1387 1329 1450 nisi

183 1489 371 1555 indumenta
391 1491 509 1575 primae
533 1492 703 1556 natiuitatis
727 1492 855 1556 exuerit.
887 1492 937 1557 oui
960 1494 1064 1556 autem
1080 1491 1121 1556 ad
1136 1491 1328 1576 baptismum

183 1597 296 1677 sponte
319 1595 459 1661 uenienti
481 1596 674 1680 baptismum
697 1614 759 1662 non
782 1597 937 1681 profuisse
957 1596 1071 1681 poteris
1095 1597 1232 1677 edocere,
1255 1615 1327 1661 cum
1356 1621 1381 1661 ιο

184 1699 281 1762 etiam
303 1700 458 1764 haeretico
481 1701 511 1765 in
535 1701 684 1766 trinitatis
707 1702 833 1766 nomine
856 1704 1037 1786 regenerato
1060 1703 1184 1766 tantum
1211 1719 1267 1784 per
1295 1719 1328 1764 se

184 1803 285 1867 uirtus
308 1803 376 1886 ipsa
393 1805 534 1888 mysterii
549 1807 698 1888 conferat,
722 1809 766 1888 ut,
791 1806 817 1870 si
831 1806 1032 1889 postmodum
1047 1805 1086 1870 ad
1104 1803 1218 1871 Christi
1233 1804 1328 1869 fidem

182 1911 340 1989 transeat,
370 1908 569 1993 baptismatis
600 1911 762 1976 iteratione
793 1929 855 1976 non
886 1913 991 1995 egeat,
1022 1910 1077 1974 sed
1106 1909 1151 1974 ita
1180 1912 1327 1992 operante

182 2012 286 2096 gratia
308 2012 434 2078 ablutus
457 2013 618 2096 iudicetur,
642 2018 677 2080 ut
698 2019 823 2080 tantum
842 2014 1057 2080 benedictione
1081 2014 1258 2080 chrismatis
1280 2013 1328 2081 iu·

183 2115 319 2182 duatur?
340 2117 423 2182 hunc
438 2138 512 2184 uero
528 2119 737 2202 persuasionis
754 2123 826 2184 tuae
847 2117 1013 2202 reprobum
1030 2137 1159 2184 sensum
1175 2117 1328 2184 catholica
1356 2144 1380 2186 re

183 2221 359 2286 detestatur
383 2223 521 2287 ecclesia.
560 2223 639 2305 ideo,
662 2224 774 2307 inquis,
798 2225 928 2308 genitali
952 2223 1125 2306 quamlibet
1152 2224 1236 2288 unda
1256 2241 1328 2305 per-

182 2325 247 2388 fusi
270 2345 385 2391 munus
408 2325 557 2411 baptismi
579 2347 642 2394 non
665 2329 830 2412 accipiunt,
855 2329 926 2411 quia
949 2329 988 2392 ad
1001 2327 1196 2412 baptismum
1219 2327 1328 2392 infide-

181 2429 256 2494 liter
276 2431 416 2496 ueniunt.
452 2451 514 2496 non
533 2433 577 2497 ita
597 2437 654 2498 est.
687 2433 825 2514 aduerte,
849 2431 998 2516 quiahoc
1020 2433 1123 2514 ipsum
1147 2431 1186 2495 ad
1207 2431 1328 2516 baptis·

184 2551 275 2598 mum
297 2536 404 2600 uenire
427 2539 458 2600 et
481 2537 616 2602 salutem
643 2537 818 2602 desiderare
845 2537 908 2602 iam
935 2535 1008 2601 fidei
1036 2541 1092 2601 est.
1130 2537 1326 2619 quicumque,

183 2638 299 2720 inquis,
332 2643 402 2723 post
431 2639 624 2724 baptismum
654 2646 795 2725 pereunt,
828 2641 860 2706 in
887 2640 990 2706 Adam
1020 2645 1162 2725 pereunt,
1193 2641 1265 2724 quia
1294 2641 1326 2704 in
1351 2645 1379 2706 'eo

184 2741 343 2824 baptismo
367 2763 429 2810 non
452 2745 656 2810 crediderunt.
687 2747 801 2810 rectius
825 2746 942 2810 diceres
964 2745 1033 2810 ideo
1057 2763 1109 2810 eos
1123 2745 1241 2828 perisse
1257 2748 1328 2827 post

181 2845 389 2931 baptismum,
413 2850 484 2932 quia
507 2851 546 2915 ad
573 2851 690 2936 gratiae
718 2851 834 2916 donum
861 2851 989 2935 iungere
1020 2851 1186 2915 noluerunt
1212 2849 1326 2914 laboris

183 2951 334 3036 efficium,
363 2955 436 3038 quia
463 2975 515 3020 eos
539 2957 769 3022 consuetudinis
794 2955 992 3040 neglegentia
1020 2955 1181 3037 cordisque
1209 2954 1327 3019 desidia

184 3075 207 3120 a
227 3057 391 3142 uigilantia
413 3062 513 3143 operis
537 3065 568 3125 ei
590 3079 609 3126 a
631 3062 780 3126 sollicitae
803 3061 962 3126 seruitutis
981 3061 1140 3124 reuocauit
1162 3059 1325 3124 industria,
1377 3127 1379 3134 ,

230 3161 319 3242 Quod
342 3164 368 3228 si
392 3165 482 3247 culpa
513 3165 735 3232 incredulitatis
763 3184 858 3230 causa
888 3169 935 3230 est
964 3165 1155 3249 perditionis,
1187 3164 1260 3246 quid
1288 3165 1325 3228 de
1352 3191 1378 3230 25

183 3268 325 3350 parunlis
349 3270 530 3350 sentiemus
554 3270 666 3352 quibus
681 3271 713 3334 in
728 3274 894 3354 parentum
911 3270 1071 3335 deuotione
1088 3273 1119 3334 et
1134 3269 1166 3333 in
1181 3269 1325 3334 lactantis

184 3372 335 3436 infantiae
365 3374 563 3456 simplicitate
592 3376 714 3459 integra
743 3375 815 3440 fidei
848 3375 1011 3459 peruigilia
1042 3376 1243 3458 deputantur,
1273 3374 1326 3456 qui

184 3475 304 3560 absque
328 3479 392 3542 ullo
413 3478 605 3544 infidelitatis
627 3481 763 3562 periculo
785 3479 976 3544 inmaculata
996 3479 1241 3564 regenerationis
1256 3497 1326 3542 mu-

184 3598 263 3646 nera
290 3587 522 3666 consequuntur
550 3585 695 3650 etmulti
718 3603 823 3650 eorum
846 3602 994 3667 processu
1017 3585 1129 3650 aetatis
1156 3584 1189 3648 in
1217 3585 1307 3648 mort'

293 3843 320 3912 1]
340 3843 415 3900 zen.
430 3847 471 3910 14,
483 3848 508 3902 e.
562 3845 591 3915 r]
609 3845 760 3911 enam

229 4052 391 4156 3imi⁸ellltus
409 4089 437 4142 P
487 4088 643 4144 5sacreP¹
696 4089 712 4144 7
725 4087 941 4158 quicumquaeP
991 4089 1126 4158 autiquae
1140 4089 1168 4144 P
1219 4093 1252 4145 10
1260 4097 1325 4160 post

185 4174 305 4228 uenienti
322 4192 422 4231 rasura
440 4177 522 4232 mom
540 4178 585 4231 uel
602 4181 731 4246 quonum
748 4177 889 4232 liberamur
900 4177 932 4232 io
943 4177 971 4230 P
981 4183 1066 4232 castet
1122 4179 1151 4234 11
1170 4177 1287 4232 heretico
1299 4179 1327 4232 P

187 4264 220 4318 19
239 4262 415 4330 quicumquae
433 4265 460 4318 P
510 4265 543 4318 21
564 4263 649 4317 dicere
668 4263 696 4318 P
745 4265 779 4319 23
797 4263 1002 4317 eonsuetudines
1024 4265 1065 4318 P¹
1118 4263 1282 4334 negligentia
1300 4265 1327 4320 P

185 4349 342 4418 cordisquae
360 4351 389 4405 P
438 4349 647 4407 261actentiso
702 4351 736 4406 27
754 4351 908 4420 integr-aec
964 4353 998 4408 28
1016 4351 1130 4421 absquae
1148 4353 1175 4408 P
1230 4352 1324 4406 imma-

185 4435 277 4490 mrlata
295 4439 322 4492 P
373 4439 407 4494 29
425 4437 548 4493 metatis
567 4439 595 4492 P
