3264 5134
314 459 356 523 70
518 501 525 506 .
774 459 794 512 1.
814 459 858 514 De
876 461 984 528 gratia

313 635 489 699 euidentem
515 635 655 717 protinus
684 635 806 700 dedisse
831 636 985 701 rationem
1012 635 1050 702 de
1076 637 1193 720 causis,
1219 643 1345 721 propter
1372 657 1449 721 quas

314 758 375 804 non
397 739 524 804 uideant
550 758 649 821 neque
676 741 880 824 intellegant?
911 741 984 824 quia
1010 741 1116 806 audire
1144 747 1175 808 et
1201 743 1320 824 nidore,
1348 743 1450 809 idest

312 843 493 927 intellegere
517 847 549 908 et
574 843 716 908 oboedire
742 845 918 909 noluerunt.
964 845 1048 927 quia,
1075 847 1205 928 inquit,
1222 865 1293 912 non
1323 864 1449 913 omnes

313 946 515 1013 oboediunt
531 949 742 1033 euangelio,
763 949 836 1031 qnia
850 952 928 1014 tota
947 949 1004 1013 die
1025 951 1200 1034 expandit
1219 969 1347 1016 manus
1364 969 1448 1016 suas

272 1079 285 1118 s
313 1052 357 1116 ad
385 1053 561 1135 populum
591 1071 662 1117 non
692 1053 904 1118 credentem
935 1058 971 1118 et
1000 1055 1335 1137 contradicentem,
1370 1057 1450 1121 sicut

314 1156 407 1220 otiam
423 1175 478 1239 per
494 1174 528 1221 sc
543 1157 607 1221 iam
623 1157 765 1222 dominus
782 1157 932 1240 loquitur:
956 1158 1059 1223 lilios
1081 1161 1193 1243 genui
1215 1163 1252 1224 et
1274 1162 1448 1243 exaltaui,

313 1261 386 1343 ipsi
417 1264 543 1326 autem
573 1281 628 1326 me
659 1266 897 1345 spreucrunt‚
929 1263 1111 1328 etiterum:
1142 1265 1319 1346 quoniam
1350 1266 1450 1330 dere-

313 1365 505 1446 liquerunt
530 1385 661 1430 uenam
690 1384 866 1449 aquarum
894 1367 1104 1432 uiuentium
1130 1368 1332 1450 dominnm,
1360 1373 1393 1434 et
1418 1371 1448 1433 in

314 1467 435 1533 actibus
463 1471 688 1552 apostolorum:
719 1471 906 1551 uidentes,
937 1471 1051 1554 inquit,
1081 1471 1211 1537 turbas
1241 1472 1370 1537 Iudaei
1398 1492 1450 1537 re-

263 1597 288 1637 11
313 1573 405 1655 ploti
425 1577 512 1638 sunt
534 1575 612 1639 nelo
635 1578 671 1639 et
693 1574 1001 1640 contradicebant
1022 1576 1093 1656 his,
1115 1594 1205 1658 quae
1228 1577 1380 1642 aPanlo
1402 1577 1450 1641 di-

314 1676 505 1758 cebantur,
522 1678 828 1761 blasphemantes
845 1679 943 1743 uiam
956 1680 1106 1761 domini,
1123 1681 1253 1746 etitem:
1270 1681 1449 1762 instabat,

313 1781 425 1863 inquit,
449 1781 562 1846 uerbo
585 1783 724 1847 Paulus
748 1783 964 1849 testificans
988 1784 1134 1849 Iudaeis
1158 1803 1239 1849 esso
1261 1783 1450 1850 Christum

314 1885 446 1950 Iesum.
493 1887 841 1952 contradicentibus
874 1891 997 1953 autem
1025 1889 1104 1953 illis
1132 1893 1168 1953 et
1194 1889 1451 1972 blaspheman-

314 1990 414 2055 tibus
438 1992 628 2056 excutiens
655 1992 882 2058 uestimonta
911 2011 976 2056 sua
1006 1993 1116 2058 dixit:
1147 1995 1299 2078 sanguis
1327 1999 1451 2059 uester

263 2115 287 2156 rs
314 2113 424 2178 super
446 2099 558 2177 capnt
580 2099 747 2160 uestrum
770 2097 853 2177 erit,
880 2097 1037 2161 mundus
1061 2116 1126 2181 ego
1153 2117 1194 2162 ex
1221 2098 1289 2163 hoc
1314 2085 1450 2164 iamed

314 2202 446 2283 gentes
469 2201 609 2264 uadem.
648 2201 1012 2281 contradicentibus,
1041 2202 1151 2284 inquit,
1181 2203 1261 2267 illis
1292 2205 1328 2267 et
1351 2201 1450 2268 blas-

314 2301 588 2386 phemantibus.
624 2303 704 2385 uida,
727 2305 880 2386 quomodo
903 2306 1040 2370 remedia
1060 2307 1174 2390 ingerit
1196 2307 1334 2372 medicus
1358 2311 1450 2372 etro-

315 2413 404 2473 cnsat
427 2413 582 2492 aegrotus.
605 2428 738 2492 quorum
761 2409 908 2474 duritiam
931 2411 1025 2474 etiam
1052 2409 1163 2475 beatus
1187 2410 1363 2493 Stephanus
1386 2413 1449 2496 pari

315 2514 497 2578 anctoritate
514 2514 654 2596 increpat
677 2513 796 2578 dicens:
820 2515 1075 2578 incircumcisi
1097 2516 1204 2579 corde
1228 2520 1264 2580 et
1285 2515 1449 2595 auribus,

263 2639 289 2680 ao
315 2636 380 2682 uos
403 2637 548 2702 semper
571 2619 723 2701 spiritui
746 2622 875 2683 sancto
897 2619 1109 2684 restitistis.
1145 2637 1215 2684 ecce
1235 2638 1330 2703 quare
1346 2621 1450 2685 uidero

315 2741 378 2788 non
399 2726 544 2804 possunt:
572 2723 644 2805 quia
669 2723 792 2805 spiritui
818 2726 926 2787 sancto
951 2723 1104 2788 resistunt
1126 2727 1217 2806 etque
1242 2742 1261 2787 a
1283 2743 1316 2788 se
1339 2725 1450 2789 clausis

316 2831 426 2911 sponte
449 2827 547 2892 oculis
566 2828 673 2892 lumen
689 2828 830 2892 ueritatis
847 2828 1022 2892 excludunt.
1057 2829 1139 2910 quod
1154 2845 1227 2912 ergo
1243 2828 1274 2892 iu
1291 2830 1450 2913 euangelio

316 2934 454 3013 sequitur
467 2931 597 2996 etdioit:
614 2933 764 2997 neforto
777 2933 895 2996 oculis
911 2931 1064 2996 uideant
1080 2937 1114 2995 et
1130 2931 1283 2996 auribus
1299 2933 1451 2998 audiant

316 3040 352 3099 ct
371 3037 479 3100 corde
501 3036 728 3120 intellegant
751 3040 787 3100 et
809 3039 1078 3100 concertantur
1102 3039 1137 3100 et
1159 3053 1284 3100 sone-m
1308 3055 1384 3118 cos,
1408 3056 1450 3101 ne

156 3138 157 3142 ’
263 3161 289 3200 rs
316 3140 439 3222 possint
460 3141 600 3203 conuerti
623 3143 716 3221 etque
740 3141 853 3220 sanari,
877 3139 1019 3204 obdurati
1043 3140 1142 3204 cordis
1165 3140 1276 3204 uitium
1300 3145 1331 3205 et
1353 3160 1451 3225 poena

315 3244 434 3326 peccati
457 3246 513 3308 est.
552 3263 600 3324 ne,
627 3245 736 3326 inquit,
764 3248 1033 3308 conuertentur
1061 3249 1096 3308 et
1124 3262 1249 3308 sanem
1278 3263 1348 3309 eos.
1388 3263 1449 3309 non

316 3348 366 3411 hic
389 3348 556 3412 sanitatem
579 3347 754 3412 uolentibus
779 3348 923 3432 denegat,
947 3348 1001 3412 sed
1024 3349 1270 3413 contradicentes
1293 3367 1326 3412 se
1342 3366 1451 3414 sanare

317 3453 408 3532 nollo,
431 3453 463 3516 id
486 3455 534 3516 est
556 3471 618 3517 non
634 3444 746 3517 debere
762 3453 951 3536 pronuntiat.
986 3453 1025 3517 ad
1041 3453 1263 3518 conferendum
1279 3453 1451 3518 remedium

316 3556 551 3639 promptissima
574 3560 622 3621 est
642 3555 767 3621 bonitas
791 3557 913 3638 medici,
937 3557 991 3621 sed
1010 3557 1251 3642 intemperantia
1270 3558 1454 3623 contradicit

419 3729 447 3798 a]
469 3729 544 3784 som.
566 3733 605 3794 10,
624 3731 664 3784 ro.
734 3730 762 3799 4]
784 3729 860 3784 nom.
879 3734 919 3794 ro,
936 3733 983 3794 aa
1005 3729 1074 3784 usar,
1093 3733 1133 3794 os,
1151 3733 1174 3785 a.
1249 3731 1278 3800 o]
1297 3731 1365 3784 usar.
1387 3733 1409 3796 1,
1427 3734 1451 3787 a.

317 3817 344 3885 r]
358 3815 451 3871 rerem.
466 3819 506 3880 17,
518 3818 557 3872 13.
611 3815 823 3886 amoenam·
873 3817 916 3887 11]
936 3816 1083 3882 lucras.
1138 3817 1182 3887 ro]
1201 3816 1349 3883 lecum.
1406 3817 1451 3888 aa]

316 3903 411 3957 naoth.
427 3906 467 3967 13,
482 3907 521 3960 15.

362 4061 524 4114 loansasP
574 4060 749 4128 2nequaeP
798 4058 932 4114 emeeP
982 4059 1123 4130 expandis
1175 4075 1274 4116 measa
1326 4061 1451 4131 ogonui]

317 4144 404 4200 aluiv
461 4145 712 4214 7derelinqnornnt
730 4146 758 4200 P
811 4145 937 4202 aturbas
956 4164 1042 4202 omo
1096 4149 1125 4203 ll
1145 4147 1277 4202 iterumo
1313 4149 1344 4202 13
1363 4150 1451 4202 autem

317 4230 370 4284 illis
388 4249 467 4288 omo
525 4235 557 4288 14
575 4233 734 4287 excutientes
749 4275 754 4286 .
769 4274 775 4286 .
789 4231 912 4286 dixerunt
929 4233 957 4287 P
1014 4235 1045 4290 18
1065 4237 1172 4302 egrotus
1190 4234 1218 4288 P
1273 4233 1403 4288 duriciam
1426 4234 1453 4287 P

317 4320 349 4372 21
370 4318 510 4386 adquaeP
560 4321 594 4374 24
612 4323 639 4372 et
655 4325 717 4374 ante
734 4321 1015 4375 conuertanturom.o
1067 4323 1100 4377 25
1119 4319 1220 4388 adquae
1233 4321 1261 4374 P
1311 4321 1345 4376 29
1363 4336 1452 4390 prom·

318 4405 421 4462 tissima
439 4407 466 4461 P
