3222 5144
324 483 388 546 244
774 480 839 536 ΠΗ.
858 481 968 536 Sermo
985 485 1010 538 6.
1028 493 1034 501 “

323 674 528 741 prouocemus
545 657 751 723 inimicorum.
767 661 929 742 propterca
944 659 1002 724 hoc
1017 657 1084 722 fieri
1095 659 1251 739 11111111,
1267 660 1342 741 quia
1353 677 1459 726 omncs

324 765 475 845 martyres
498 783 553 845 per
569 763 663 826 istam
685 763 946 845 perfectissimam
969 763 1134 827 casitatem
1149 764 1187 827 ad
1210 781 1356 828 coronam
1380 782 1461 828 1111-

324 867 394 950 tyrii
416 867 597 949 peruenisse
614 868 827 950 cognouimns,
850 868 933 950 quod
956 868 1050 932 otiam
1074 868 1104 930 in
1128 867 1219 931 beato
1235 867 1391 951 Stephano
1413 868 1460 932 in-

322 973 443 1054 pletum
471 991 539 1036 esse
564 990 635 1034 oum
663 971 781 1054 ingenti
809 973 1012 1036 admiratione
1039 971 1240 1056 gaudeamus.
1287 973 1460 1057 diligenter,

283 1102 296 1142 s
323 1094 449 1159 quaeso,
473 1076 640 1156 adtendite,
663 1076 786 1156 fratres,
810 1081 842 1140 et
863 1077 1044 1161 intellegite,
1068 1077 1141 1158 quia
1156 1077 1188 1139 in
1208 1076 1355 1140 omnibus
1371 1077 1459 1142 malis

322 1180 499 1244 hominibus
531 1180 610 1244 uitia
639 1181 742 1262 potius
772 1179 886 1244 habere
917 1180 987 1245 odio
1017 1180 1183 1260 debemus,
1219 1199 1280 1244 non
1309 1181 1460 1261 homines,

322 1285 449 1368 diligere
477 1285 646 1366 hominem,
674 1285 774 1348 odisse
803 1285 924 1349 uitium.
970 1285 1034 1349 noli
1059 1288 1185 1366 propter
1212 1285 1371 1349 hominem
1395 1285 1461 1348 dili-

321 1409 394 1473 gere
419 1389 530 1452 uitium
554 1407 611 1452 nec
633 1393 758 1471 propter
777 1389 889 1453 uitium
905 1389 1007 1453 odisse
1030 1389 1198 1454 hominem.
1245 1389 1338 1454 homo
1361 1390 1461 1472 proxi·

322 1513 392 1558 mus
421 1497 493 1557 tuus
523 1497 580 1574 est,
608 1493 722 1557 uitium
750 1493 893 1556 inimicus
922 1497 970 1557 est
996 1493 1134 1575 proximo
1163 1497 1226 1557 tuo.
1272 1497 1347 1558 tunc
1375 1512 1459 1557 amas

271 1626 295 1663 ιο
322 1599 457 1662 amicum
487 1601 591 1678 tuum,
623 1598 649 1660 si
678 1597 778 1662 oderis
808 1598 931 1677 uitium,
963 1599 1044 1680 quod
1075 1601 1165 1662 nocet
1192 1598 1291 1661 amico
1322 1602 1385 1662 tuo.
1429 1598 1459 1662 si

320 1702 456 1782 credie,
472 1702 564 1766 bene
581 1702 690 1782 facis,
712 1702 785 1784 quia
800 1702 924 1766 iustus
941 1721 980 1764 en
996 1702 1070 1765 fide
1087 1702 1192 1766 uiuit.
1221 1702 1302 1783 quod
1323 1701 1460 1770 abundat

319 1809 351 1871 in
378 1808 471 1871 rebus
503 1807 659 1888 humanis,
690 1807 748 1871 boc
774 1807 851 1871 dico.
901 1807 1066 1889 aliquando
1093 1807 1192 1870 amico
1220 1810 1273 1870 tuo
1301 1807 1458 1873 carissimo

320 1912 465 1977 inimicus
501 1915 549 1975 est
583 1911 708 1992 aliquio,
743 1912 797 1992 qui
831 1915 896 1975 erat
929 1911 1048 1974 amicus
1083 1911 1257 1974 amborum.
1308 1911 1459 1993 incipiunt

321 2035 389 2080 esse
412 2017 449 2078 de
473 2015 572 2079 tribus
596 2015 705 2079 11111111
728 2016 787 2078 duo
811 2017 890 2078 inter
912 2035 946 2078 se
962 2015 1090 2078 inimici.
1125 2015 1199 2097 quid
1222 2015 1314 2079 faciat
1329 2015 1458 2092 medius,

270 2146 294 2185 1
321 2121 375 2202 qui
405 2121 577 2185 remansit?
627 2139 707 2184 unus
738 2139 774 2184 11
806 2120 882 2199 illis,
913 2121 964 2201 qui
995 2139 1028 2184 se
1056 2119 1123 2184 odio
1153 2119 1285 2200 habent,
1316 2120 1394 2199 uult,
1424 2122 1459 2182 ut

320 2225 419 2288 oderis
443 2243 515 2288 oum
538 2224 600 2304 illo,
624 2243 717 2305 quem
737 2225 788 2288 ille
805 2224 874 2288 odio
898 2223 1002 2305 habet,
1024 2224 1152 2288 ethaeo
1174 2224 1271 2288 uerba
1292 2223 1350 2288 tibi
1374 2223 1458 2287 dicit:

320 2345 381 2392 non
403 2347 435 2391 es
452 2327 570 2391 amicus
594 2347 692 2408 meus,
717 2329 789 2409 quia
805 2347 837 2392 es
861 2329 979 2392 amicus
1002 2328 1120 2392 inimici
1143 2329 1212 2392 mei.
1252 2331 1283 2393 et
1298 2328 1379 2410 quod
1402 2326 1458 2392 tibi

320 2433 395 2497 dicit
417 2433 476 2496 iste
500 2433 537 2495 de
560 2433 622 2512 illo,
646 2432 705 2496 hoc
727 2433 783 2498 tibi
806 2433 883 2496 dicit
905 2434 958 2497 ille
981 2433 1018 2496 de
1041 2433 1110 2497 isto.
1152 2436 1215 2496 tres
1247 2433 1330 2496 enim
1354 2431 1457 2510 eratis,

320 2537 380 2601 dno
403 2540 572 2619 coeperunt
595 2556 663 2600 esse
690 2537 846 2601 discordes
863 2540 901 2600 ’11
923 2537 1102 2602 remansisti
1125 2541 1160 2601 tu
1188 2537 1283 2601 solus.
1329 2537 1357 2600 si
1386 2537 1457 2600 huic

267 2667 292 2705 20
320 2645 351 2705 te
381 2641 527 2722 innueris,
561 2641 651 2705 illum
680 2641 747 2706 odio
776 2641 907 2706 habebis
938 2642 1109 2732 inimicum,
1144 2641 1170 2706 si
1203 2641 1259 2722 illi,
1292 2641 1398 2720 istum,
1432 2641 1458 2704 11

320 2745 483 2826 ambobus,
506 2746 598 2810 ambo
619 2745 869 2810 murmurabunt.
906 2765 976 2810 cece
995 2747 1167 2830 temptatio.
1201 2748 1362 2828 exspectas
1378 2745 1457 2808 forte

319 2869 338 2913 a
360 2869 411 2914 me
434 2850 551 2931 audire,
575 2850 647 2932 quid
669 2850 775 2915 facias.
804 2869 952 2933 permane
973 2851 1091 2914 amicus
1112 2849 1285 2914 amborum.
1320 2850 1374 2932 qui
1396 2849 1457 2912 dis-

319 2955 447 3018 cordant
468 2955 549 3018 inter
572 2973 616 3034 se,
639 2953 827 3019 concordent
845 2973 900 3037 per
922 2957 963 3018 to.
1008 2955 1092 3019 mala
1115 2955 1141 3018 si
1163 2955 1266 3035 aliqua
1289 2953 1403 3018 audisti
1418 2953 1456 3016 ob

319 3058 469 3122 alterode
492 3059 599 3138 altero,
623 3059 687 3122 noli
709 3058 837 3141 prodero
861 3059 961 3138 alteri,
985 3059 1125 3123 neforto
1148 3061 1257 3142 postea
1277 3059 1340 3131 sint
1356 3057 1457 3138 amici,

267 3187 292 3226 ss
319 3162 372 3243 qui
399 3162 490 3226 modo
517 3165 591 3226 sunt
618 3162 746 3242 inimici,
774 3166 806 3226 11
832 3162 1003 3245 proditores
1030 3180 1102 3227 snos
1124 3162 1258 3244 prodant
1280 3161 1349 3226 sibi.

361 3264 421 3330 Sed
444 3265 502 3330 1111
524 3268 650 3348 propter
672 3265 815 3330 homines
839 3267 911 3347 diri,
936 3285 997 3332 non
1021 3270 1145 3351 propter
1168 3267 1273 3331 oculos
1296 3266 1354 3331 dei.
1386 3283 1456 3330 ecce

318 3388 410 3434 nemo
438 3373 468 3433 te
491 3370 594 3452 prodit
610 3353 687 3434 deo.
727 3370 803 3435 deus
833 3374 891 3452 est,
921 3371 975 3452 qni
1003 3374 1033 3435 te
1060 3371 1160 3452 uidet,
1193 3371 1246 3452 qui
1273 3374 1304 3434 te
1332 3369 1454 3434 iudicat.

318 3473 431 3538 audisti
459 3473 497 3537 ab
525 3473 604 3538 irato
633 3474 775 3555 uerbum,
807 3493 826 3539 a
855 3475 977 3540 dolente
1005 3493 1041 3538 11
1068 3478 1286 3540 succensente:
1318 3477 1457 3538 moretur

317 3579 350 3642 in
377 3582 418 3642 ta.
464 3596 558 3660 quaro
585 3579 741 3661 proditur,
770 3598 866 3662 querc
892 3580 1068 3662 profertur?
1111 3597 1173 3644 non
1201 3579 1285 3643 enim
1312 3579 1338 3642 si
1365 3578 1396 3640 in
1424 3581 1455 3640 te

422 3767 466 3836 10]
485 3767 628 3832 111119.
685 3767 729 3837 11]
749 3767 836 3824 Galat.
850 3771 874 3834 3,
889 3771 919 3824 11
939 3767 972 3822 al.

362 3946 540 4014 lpuocpmus
558 3943 587 3998 D
640 3941 767 3999 3baeato
785 3944 815 3997 D
867 3946 996 4010 5111111
1015 3943 1044 3998 D
1097 3943 1222 4012 dputius
1241 3943 1269 3998 D
1328 3941 1407 3996 hodio
1426 3941 1455 3996 D

317 4031 332 4083 7
350 4029 456 4082 hodisse
470 4031 499 4085 D
550 4033 566 4086 9
585 4029 709 4084 inimicus
721 4047 806 4098 supra
818 4047 871 4084 ros.
885 4033 1014 4085 11111111
1027 4031 1063 4098 D,
1081 4031 1220 4084 inimicum
1234 4033 1303 4100 Arop.
1360 4033 1390 4084 lo
1409 4045 1455 4082 no-

317 4119 360 4186 111
377 4115 407 4170 D
462 4119 509 4169 tuo
527 4115 550 4168 si
568 4117 653 4170 credis
670 4135 756 4186 sopra
773 4135 827 4172 ros.
847 4119 878 4171 in
896 4117 925 4170 D
983 4121 1012 4173 11
1033 4116 1173 4170 habundat
1191 4119 1220 4172 D
1278 4116 1406 4172 15111111
1426 4115 1455 4170 D

314 4227 478 4284 16111111)
535 4232 566 4284 19
585 4233 729 4298 caeperunt
746 4230 776 4284 D
832 4231 865 4284 20
885 4196 998 4282 intineris
1017 4231 1046 4284 D
1102 4229 1182 4283 hodio
1200 4231 1230 4284 D
1281 4229 1407 4300 ttpdirc
1425 4230 1455 4285 D

316 4317 349 4370 26
365 4313 421 4417 idixi
434 4317 514 4385 Aop,
534 4315 642 4370 dixitD
694 4319 728 4374 28
744 4315 867 4370 adolente
887 4318 915 4370 D
965 4321 1137 4371 succensente
1156 4318 1185 4370 D
1238 4317 1366 4370 moriatur
1381 4317 1452 4386 Auo.

314 4431 349 4484 29
362 4428 410 4482 'sin
427 4429 457 4483 D
473 4428 499 4494 (i
517 4445 589 4483 mou.
602 4430 662 4495 ab)
