3320 5140
349 457 387 510 VI
794 456 1034 525 Prolegomcna.

349 633 406 696 ΠΙ.
424 631 527 696 Uober
547 632 595 695 die
611 632 778 714 Predigten
799 632 851 695 des
868 632 1003 696 Faustus
1023 632 1087 695 und
1102 631 1169 696 ihre
1184 631 1329 696 Fohtheit
1349 652 1379 714 p.
1395 631 1480 695 47-

352 733 438 819 104),
468 734 669 800 Vindobonae
702 732 794 799 1883.
826 772 868 782 -
898 735 1057 800 KritIsche
1088 735 1370 820 Untersuchungen
1405 737 1480 800 irber

349 840 506 904 wirlrliohe
534 840 597 904 und
628 839 809 924 angebliohe
838 838 992 905 Schriften
1023 840 1076 904 des
1103 840 1237 904 Faustus
1264 841 1417 921 Reiensis‚
1448 841 1480 904 in

349 945 555 1028 thenreride
585 945 819 1028 gymnasiorum
850 944 1084 1009 Austriacorurn
1118 943 1210 1026 1890,
1245 966 1274 1028 p.
1298 944 1478 1008 aaa-301.

349 1087 391 1094 —
413 1049 556 1132 Beitrage
584 1068 638 1112 aur
660 1048 765 1112 Krilil
793 1050 855 1113 und
878 1049 1054 1133 Frlrlttrung
1082 1051 1135 1114 der
1158 1051 1259 1114 Briefe
1283 1051 1337 1114 des
1360 1051 1479 1133 Apolli-

351 1153 433 1216 naris
457 1153 609 1233 Sidonius‚
637 1153 797 1217 Faustus
821 1154 883 1216 und
907 1154 1061 1234 Ruricius
1089 1155 1119 1217 in
1144 1155 1252 1218 eadern
1276 1153 1479 1236 Ephenreride

349 1277 454 1340 gymu.
472 1257 577 1322 Austr.
597 1255 689 1336 1890,
713 1278 741 1341 p.
758 1255 929 1319 sal-497
954 1261 985 1322 et
1008 1256 1188 1322 utu-699.

392 1361 540 1425 Faustum
561 1369 636 1422 ortu
656 1359 867 1438 Britannum,
888 1359 1075 1424 habitaculo
1097 1361 1261 1424 Rco’ensem
1281 1363 1378 1426 fuisse
1394 1361 1479 1426 Aloi-

314 1483 321 1494 ·
349 1485 419 1528 rnus
452 1465 565 1530 Auitus
595 1468 626 1529 in
660 1466 794 1549 epistula
828 1467 867 1530 ad
897 1465 1126 1558 Gundobadunr
1160 1486 1266 1549 regern
1301 1465 1344 1549 (p.
1376 1465 1428 1546 30,
1462 1466 1476 1526 1

348 1569 473 1652 Peiper)
504 1571 599 1634 tradit
628 1574 659 1634 et
688 1569 878 1652 Apollinaris
910 1569 1052 1634 Sidonius
1082 1571 1114 1634 in
1145 1571 1279 1653 epistula
1308 1571 1346 1634 ad
1376 1571 1479 1654 ipsurn

349 1673 500 1737 Faustum
524 1675 638 1756 scripta
665 1674 773 1757 (VIIII
797 1672 816 1735 9
839 1695 868 1756 p.
890 1672 995 1754 I5I‚i
1020 1674 1228 1758 Luetiohann)
1259 1674 1296 1737 de
1318 1674 1478 1738 Britannis

349 1781 383 1840 ut
406 1777 512 1840 Fausti
540 1778 739 1860 popularibus
768 1778 864 1842 uerba
890 1779 975 1859 tacit,
1003 1797 1097 1860 quare
1125 1779 1211 1842 nulla
1237 1777 1314 1842 fides
1337 1778 1480 1842 habenda

349 1885 397 1945 est
415 1880 518 1945 uerbis
534 1882 726 1946 Possessoris
748 1883 882 1965 episcopi
898 1883 1048 1963 Africani,
1072 1884 1124 1964 qui
1144 1883 1181 1946 de
1199 1881 1322 1944 Fausto
1342 1881 1479 1966 quodam

347 1984 478 2046 natione
497 1982 604 2066 Gallo,
629 1985 771 2070 Rapinac
793 1986 943 2049 ciuitatis
967 1986 1115 2072 episcopo
1138 1987 1270 2070 (Migna
1294 1985 1407 2051 Patron
1424 1987 1477 2051 lat.

347 2089 452 2153 LXIII
474 2087 551 2172 489)
579 2091 717 2172 disputat
744 2109 806 2155 nou
834 2092 864 2155 id
893 2111 998 2175 egena,
1026 2095 1061 2156 ut
1082 2091 1216 2174 patriam
1239 2091 1357 2172 Fausti,
1384 2109 1479 2172 quam

348 2195 509 2278 episcopus
532 2195 698 2259 Africanus
724 2195 991 2280 Constantinopoli
1018 2197 1162 2260 exsulans
1190 2196 1317 2260 minime
1340 2195 1479 2274 curabat,

347 2299 470 2378 indicet,
494 2299 548 2362 sed
568 2301 649 2363 utin
665 2299 767 2364 Gallia
787 2301 938 2365 Faustum
958 2301 1047 2365 illum
1067 2301 1165 2364 uitam
1186 2300 1297 2383 degere
1318 2299 1476 2384 significet.

347 2403 455 2478 eadem
471 2404 589 2468 ratione
606 2404 769 2468 Facundus
785 2405 1023 2469 Hermiauensis
1039 2405 1199 2486 episcopus
1219 2404 1252 2467 in
1274 2403 1352 2468 libro
1372 2409 1480 2468 contra

346 2507 525 2571 MocIanum
542 2509 693 2573 Faustum
709 2507 835 2574 Gallum
855 2510 992 2592 appellat
1012 2507 1144 2592 (Migna
1161 2509 1275 2572 Patrol.
1292 2509 1344 2573 lat.
1362 2507 1479 2572 LXVII

347 2609 432 2692 855).
479 2615 552 2676 sunt
575 2617 690 2692 autern,
713 2613 767 2694 qui
790 2613 940 2676 Faustum
963 2613 996 2676 in
1019 2611 1121 2676 GaIIIa
1140 2611 1321 2677 Aremorica
1342 2613 1393 2710 uel
1409 2612 1480 2675 Bri-

346 2717 481 2796 tannica,
506 2735 584 2798 quae
608 2717 696 2780 hodie
719 2717 877 2800 Bretagne
901 2717 1022 2796 dicitur,
1051 2720 1158 2780 natum
1183 2735 1250 2780 esse
1274 2719 1305 2780 et
1326 2715 1480 2780 contraria

346 2819 400 2883 illa
423 2824 564 2884 ueterum
588 2821 773 2902 scriptorum
795 2821 974 2885 testimonia
996 2821 1055 2884 hoc
1078 2821 1169 2884 modo
1192 2821 1361 2884 consociari
1388 2838 1478 2903 posse

346 2925 533 3005 existiment,
557 2925 594 2988 de
618 2925 731 3007 quibus
755 2925 959 2990 conferendus
983 2927 1031 2988 est
1046 2923 1170 3008 Stilting
1193 2925 1213 2988 l.
1231 2925 1250 2987 l.
1268 2923 1332 2987 654
1348 2943 1393 3006 sq.
1424 2924 1479 2987 sed

346 3047 417 3092 cum
440 3048 521 3093 uuus
544 3028 668 3108 Auitus,
692 3029 800 3093 Fausti
823 3029 886 3092 iere
910 3029 1048 3111 aequalis
1071 3033 1102 3091 et
1117 3027 1303 3092 Viennensis
1326 3029 1359 3092 in
1379 3027 1478 3094 Gallia

346 3133 492 3196 eeclesiae
510 3133 683 3215 episeopus,
704 3135 784 3197 inter
799 3133 933 3216 patriam
954 3137 984 3195 et
1003 3131 1216 3196 habitaculum
1233 3131 1343 3196 Fausti
1363 3132 1477 3196 diserte

345 3237 525 3320 distinguat,
548 3238 630 3318 quod
651 3255 721 3300 eum
743 3237 843 3300 iuuere
860 3237 911 3300 uix
932 3254 1008 3319 opus
1031 3239 1107 3316 erat,
1131 3237 1157 3300 si
1174 3237 1308 3300 Faustus
1328 3237 1360 3300 in
1376 3235 1478 3302 Gallia

344 3340 525 3406 AremorIca
547 3345 639 3405 natus
661 3345 736 3422 erat,
761 3342 849 3422 elque
865 3339 1008 3404 Sidonius
1029 3341 1129 3421 testis
1153 3340 1260 3405 Fausti
1280 3341 1397 3406 amicus
1417 3341 1476 3404 fide

345 3446 557 3529 dIgnissimus,
586 3446 784 3526 assentiatur,
812 3445 964 3509 Faustum
995 3445 1027 3509 in
1050 3445 1213 3509 Britannia
1239 3446 1342 3510 insula
1368 3449 1477 3510 natum

345 3569 413 3614 esse
436 3567 490 3632 pro
513 3556 596 3615 certo
620 3550 783 3614 habemus.

388 3653 453 3735 Quo
484 3672 564 3718 auno
595 3654 730 3718 Faustus
760 3657 852 3718 natus
884 3655 939 3734 sit,
974 3655 1117 3736 quamuis
1147 3655 1304 3738 proditum
1334 3673 1395 3720 uon
1426 3656 1475 3735 sit,
1551 3719 1554 3726 ,

343 3762 448 3822 tamen
471 3759 596 3822 ineunte
620 3758 743 3822 saeculo
766 3759 872 3840 quinto
896 3777 967 3822 eum
991 3763 1100 3822 natum
1124 3777 1191 3824 esse
1214 3759 1305 3823 laoile
1327 3779 1382 3842 per
1405 3777 1476 3824 eon·

344 3863 494 3926 lecturam
522 3880 733 3944 assequemur,
763 3863 789 3926 si
816 3863 950 3944 reliquas
978 3863 1062 3927 uitae
1091 3863 1157 3928 eius
1183 3864 1319 3928 rationes
1347 3883 1476 3948 perpau-

345 3967 492 4031 derimus.
528 3985 608 4031 anno
626 3967 709 4031 enirn
725 3965 789 4030 433
806 3986 878 4032 eum
894 3967 1041 4032 abbatem
1057 3968 1258 4033 Lerinensem
1275 3969 1391 4034 lactum
1408 3987 1476 4032 esse

344 4089 414 4134 cunr
430 4072 510 4135 inter
525 4089 633 4136 ornnes
650 4075 771 4136 constet
791 4075 823 4136 et
838 4075 960 4156 praesto
977 4071 1067 4136 nobis
1084 4073 1146 4137 siut
1161 4074 1311 4156 epistulae
1328 4091 1346 4138 a
1361 4073 1476 4138 Fausto

343 4175 424 4239 circa
439 4194 555 4240 annum
570 4173 635 4238 480
655 4177 688 4240 in
708 4177 814 4240 exsilio
835 4177 977 4260 scriptae,
1001 4177 1032 4241 in
1054 4176 1166 4260 quibus
1186 4181 1293 4242 tamen
1313 4178 1350 4242 de
1370 4178 1475 4262 grauis

344 4281 514 4344 senectutis
537 4281 742 4345 incornnrodis
765 4301 804 4344 ne
827 4281 960 4345 uerbum
987 4282 1114 4364 quidem
1141 4282 1303 4364 reperitur,
1332 4283 1475 4362 adducor,

343 4387 378 4446 ut
398 4384 551 4448 Faustum
573 4403 634 4448 non
660 4385 758 4449 multo
781 4390 853 4449 ante
876 4404 994 4450 annum
1015 4385 1081 4448 410
1103 4389 1213 4448 natum
1237 4405 1304 4450 esse
1328 4391 1474 4468 statuam,
