3290 5152
491 437 605 492 Fausti
625 437 776 508 episcopi
795 437 978 492 donatione
997 435 1086 491 fidei.
1288 437 1352 520 459

213 617 391 692 spiritum,
414 617 519 676 alteri
540 615 629 675 fides
646 617 681 676 in
698 617 809 675 eodem
825 615 968 691 spiritu,
992 616 1053 674 alii
1073 617 1190 692 gratia
1204 617 1352 675 erratio-

211 740 288 782 num
305 721 342 781 in
358 739 423 781 uno
440 723 585 796 spiritu,
609 721 670 780 alii
692 739 818 796 genera
835 721 1046 796 linguarum,
1070 722 1225 796 operatio
1242 722 1351 780 uirtu-

211 831 295 898 tnrn,
319 827 382 886 alii
402 827 595 902 prophetia.
626 827 842 886 haecomnia
863 831 1026 901 operatur
1046 845 1134 884 rinus
1151 831 1253 900 atque
1269 827 1352 886 idom

212 932 364 1008 spiritus
380 931 542 990 diuidens
559 931 713 1007 singulis
729 935 832 1006 prout
847 932 931 990 nult.

250 1039 293 1102 Et
304 1037 440 1111 quomodo
452 1037 581 1107 dicineo,
597 1036 795 1095 ministerialis
808 1040 861 1106 est,
878 1037 925 1110 qni
939 1036 1072 1094 miracula
1086 1040 1230 1094 tantorum
1244 1037 1353 1094 charis·
1393 1061 1405 1098 a

213 1146 320 1202 matum
341 1141 458 1200 arbitrio
479 1141 609 1216 propriae
630 1141 786 1200 uoluntatis
808 1145 836 1200 et
854 1142 915 1200 iure
935 1141 1137 1200 dominationis
1153 1142 1296 1200 exercuit?
1320 1143 1353 1200 de

213 1265 268 1322 qno
284 1250 337 1306 sub
353 1247 495 1306 trinitatis
512 1247 696 1305 distinctione
712 1247 833 1322 legimus
849 1265 899 1320 per
910 1247 1089 1334 prophetam:
1106 1250 1210 1305 uerbo
1226 1246 1353 1306 domini

213 1352 301 1412 oaeli
321 1351 457 1410 firmati
478 1355 562 1409 sunt
581 1354 614 1409 et
633 1352 765 1426 spiritu
786 1352 856 1412 oris
877 1351 951 1410 eins
971 1351 1080 1410 omnis
1101 1352 1215 1410 uirtus
1231 1369 1352 1410 eornm.

213 1456 344 1532 spiritu
356 1456 426 1514 oris
438 1456 509 1515 dixit
522 1457 670 1532 propheta,
683 1474 740 1516 non
754 1456 858 1531 operis,
871 1460 903 1515 ut
914 1473 978 1515 eum
990 1459 1132 1530 tamquam
1145 1458 1178 1515 de
1191 1457 1354 1516 substantia

214 1561 305 1636 patris
320 1561 435 1622 noueris
448 1562 631 1636 processisse.
660 1565 688 1620 et
699 1561 760 1621 ideo
772 1561 855 1620 dicit:
872 1561 1035 1636 spiritnS,
1051 1561 1108 1635 qni
1124 1577 1161 1620 ex
1173 1565 1271 1636 patre
1282 1579 1353 1635 pro·
1381 1581 1406 1622 ιο

213 1665 313 1725 sedit.
343 1666 473 1741 spiritu
490 1666 559 1724 oris
576 1667 649 1725 eius
666 1665 775 1727 omnis
790 1665 906 1724 uirtus
922 1683 1048 1724 eorum:
1065 1666 1205 1725 caelorum
1220 1665 1353 1736 uirtutes,

214 1771 243 1829 id
259 1773 304 1828 est
318 1771 446 1846 angelos,
464 1771 681 1846 dominationes
703 1770 821 1829 thronos
837 1787 870 1829 ae
884 1747 1073 1845 principatus,
1089 1770 1164 1829 sient
1178 1788 1229 1845 per
1244 1774 1353 1844 patrem

215 1879 244 1934 et
258 1875 347 1934 fllium
367 1875 409 1934 ita
424 1875 509 1934 etiam
525 1891 575 1950 por
591 1876 722 1950 spiritum
739 1878 870 1934 sanctum
893 1878 1001 1933 mestos
1018 1891 1081 1933 esse
1096 1874 1203 1933 ueritas
1219 1873 1351 1948 loquitur.

258 1980 323 2040 Non
338 1997 405 2055 ergo
420 1980 484 2039 sine
500 1980 617 2039 immani
629 1980 778 2055 sacrilegio
790 1981 947 2038 ereaturam
960 1969 1075 2048 dixeris,
1091 1996 1173 2054 quem
1186 1980 1274 2040 totins
1290 1997 1353 2038 eae-

215 2084 297 2142 lestis
313 2085 431 2144 militiae
446 2084 586 2160 perspicis
598 2087 761 2143 createrem.
790 2085 944 2142 secundnm
959 2083 1029 2142 haee
1040 2083 1072 2142 in
1083 2083 1170 2142 trium
1182 2083 1354 2158 proprietate
1382 2105 1405 2145 1⁵

215 2206 248 2246 ae
263 2206 380 2249 nurnero
395 2205 580 2264 personarum
592 2206 679 2247 onam
691 2188 858 2264 potentiam,
875 2205 961 2246 unam
973 2187 1102 2262 gloriam,
1118 2205 1204 2246 unam
1216 2204 1354 2263 cognosce

216 2295 357 2363 naturam,
379 2310 416 2351 ne
431 2310 494 2352 eum
509 2293 622 2352 Iudaeis
643 2311 676 2351 ae
691 2292 916 2367 Patripassianis
932 2291 996 2350 sine
1011 2292 1103 2351 tribus
1119 2291 1249 2366 personis
1264 2291 1353 2350 filium

216 2398 266 2455 aut
287 2401 419 2455 sanetum
439 2397 571 2470 spiritam
592 2414 679 2472 neges
701 2400 751 2455 eut
770 2397 833 2456 sine
855 2414 912 2455 nna
931 2396 1094 2456 substantia
1114 2413 1176 2455 omn
1196 2395 1353 2471 gentilibus

216 2505 275 2560 tres
291 2503 357 2560 deos
373 2502 486 2561 eredere
501 2502 700 2577 oomproberis.

283 2663 285 2669 ⁴
320 2670 348 2740 7]
367 2671 465 2726 Psalm.
478 2673 521 2736 32,
534 2673 557 2726 6.
613 2670 657 2740 lo]
676 2671 767 2725 Ioann.
783 2674 823 2736 15,
835 2674 877 2726 26.

263 2830 295 2884 13
313 2831 416 2882 orestes
434 2844 489 2882 esse
508 2845 558 2884 ont.
572 2829 600 2883 P
651 2831 682 2884 17
701 2828 923 2898 Patriopassienis
944 2829 967 2886 S
