3222 5144
609 471 675 526 IIll.
691 473 799 525 Sermo
819 475 858 526 15.
1237 471 1298 535 281

161 645 289 710 sedatur
317 649 357 726 ct,
386 647 460 710 dum
488 649 597 731 culpae
621 651 729 714 auctor
755 648 950 729 humiliatur,
978 648 1070 730 culpa
1097 648 1298 712 consumitur.

160 751 298 832 dumque
325 752 461 834 corporis
489 752 622 818 adflictio
650 739 827 818 uoluntaria
854 753 1042 817 districtione
1068 753 1211 832 infertur,
1239 756 1301 816 tre·

161 855 265 920 mendi
288 856 400 920 iudicis
423 855 551 921 offensio
575 858 701 922 sedatur
729 863 760 922 et
787 857 927 942 ingentia
948 861 1077 940 peccata
1098 857 1186 921 labor
1209 857 1302 921 soluit

161 962 301 1044 exiguae,
333 980 411 1042 quae
442 961 493 1025 uin
522 966 743 1027 consumtnrus
771 966 818 1027 est
846 962 935 1027 ardor
962 965 1115 1026 aeternus.
1163 963 1190 1025 si
1217 962 1301 1026 enim

161 1085 218 1130 nos
242 1066 300 1148 ipsi
327 1067 600 1150 peccatisnostris
624 1067 819 1150 disciplinam
842 1068 1039 1150 inponamus,
1062 1086 1118 1148 per
1140 1067 1302 1149 paeniten-
1340 1093 1353 1134 s

161 1172 239 1235 tiarn
256 1171 358 1236 carnis
381 1171 537 1236 luxuriam
560 1176 808 1251 contemnamus,
831 1172 892 1236 cito
913 1172 1002 1236 nobis
1018 1172 1110 1236 deum
1133 1173 1301 1255 propitium

160 1277 322 1340 faciemus.
361 1279 524 1359 peccatum
547 1281 638 1340 tuum
661 1277 687 1340 si
711 1281 745 1341 tu
769 1277 922 1360 agnoscis,
947 1277 1022 1341 deus
1046 1277 1188 1360 ignoscit.
1227 1295 1301 1340 narn

160 1381 315 1462 quomodo
343 1383 447 1462 potest
469 1380 545 1461 fieri,
573 1385 608 1444 ut
635 1381 680 1445 illi
708 1383 837 1463 peccato
861 1381 937 1444 deus
960 1381 1105 1465 dignetur
1131 1381 1300 1464 ignoscere,

160 1485 243 1568 qnod
266 1485 298 1548 in
322 1503 354 1548 se
377 1485 470 1550 homo
494 1485 679 1569 dedignatur
702 1488 895 1570 agnosceret

205 1589 389 1652 Tractantes
414 1607 487 1672 ergo
511 1608 639 1654 causam
663 1591 773 1654 salutis
801 1595 927 1654 nostrae
955 1590 1107 1655 iaciamus
1129 1591 1212 1654 intra
1234 1608 1300 1672 nce,
1329 1615 1354 1656 ιο

160 1712 240 1776 quae
263 1694 345 1758 circa
373 1712 429 1758 uos
459 1695 570 1758 medici
594 1695 704 1758 solent.
751 1696 776 1758 si
804 1695 928 1758 laesura
954 1696 1005 1758 uel
1033 1695 1171 1777 querella
1197 1695 1302 1777 aliqua

160 1799 193 1862 in
216 1799 319 1882 prima
342 1799 478 1881 corporis
498 1803 568 1864 cute
586 1800 730 1880 sentitur,
754 1799 872 1863 curatio
889 1800 1109 1864 medicamenti
1132 1799 1301 1864 blandioris

160 1905 354 1967 admonetur.
395 1903 421 1966 si
451 1921 525 1966 uero
556 1905 587 1966 in
611 1903 733 1968 ossibus
757 1904 872 1967 uulnus
897 1902 1098 1968 absconditur
1122 1907 1176 1968 aut
1199 1905 1231 1967 in
1255 1904 1301 1966 ui-

161 2025 286 2071 scerum
317 2007 471 2090 protunda
490 2007 669 2071 demersum
701 2013 758 2088 est,
791 2008 994 2072 austeriorem
1026 2013 1056 2072 et
1088 2009 1301 2072 uiolentiorem

160 2111 264 2195 poscit
290 2113 337 2175 uis
370 2112 491 2175 occulta
521 2113 719 2192 medicinam,
750 2117 785 2176 ut
815 2113 927 2176 ulceris
956 2113 1139 2196 magnitudo
1168 2116 1222 2176 aut
1250 2131 1302 2176 en·
1329 2137 1353 2178 rs

161 2219 285 2281 ustione
312 2220 367 2280 aut
389 2216 539 2280 incisione
572 2221 735 2298 superetur
766 2221 796 2280 et
819 2217 905 2281 dolor
932 2217 1036 2281 dolore
1067 2218 1220 2281 uincetur.
1260 2219 1301 2280 si-

162 2321 246 2385 milis
270 2320 351 2384 ratio
379 2321 410 2383 in
439 2321 615 2384 animarum
639 2321 833 2403 aegritudine
862 2321 1038 2386 adhibenda
1066 2327 1123 2385 cst.
1170 2323 1195 2384 si
1219 2321 1302 2386 leuia

163 2429 239 2490 sunt
278 2426 412 2489 sortasse
448 2429 592 2507 peccata,
635 2425 723 2488 uerbi
757 2425 858 2508 gratia
892 2427 917 2490 si
955 2427 1048 2490 homo
1082 2427 1132 2490 uel
1169 2429 1201 2490 in
1236 2446 1301 2489 ser·

161 2547 255 2594 rnone
285 2531 336 2593 uel
365 2529 397 2592 in
428 2530 530 2610 aliqua
562 2529 802 2612 reprehensione
833 2531 1013 2610 uoluntatis
1050 2531 1074 2594 si
1105 2531 1193 2594 oculo
1229 2549 1301 2613 pec-

158 2634 243 2698 cauit
266 2637 319 2697 aut
344 2634 443 2714 corde,
472 2634 637 2697 uerltorum
662 2639 693 2696 et
716 2634 938 2717 cogitationum
962 2635 1104 2698 maculae
1133 2635 1301 2698 cottidiana
1328 2661 1354 2700 ro

157 2739 298 2803 oratioue
321 2739 488 2802 uincantur
512 2742 543 2802 ot
565 2740 687 2820 priuata
710 2739 937 2822 conpunctione
962 2739 1130 2822 tergendae
1155 2743 1237 2803 sunt.
1274 2740 1300 2803 si

159 2861 233 2908 uero
254 2843 394 2924 quisquis
417 2843 639 2907 conscientiam
665 2861 754 2906 snam
778 2843 862 2906 intus
886 2846 1080 2926 interrogans
1104 2845 1220 2907 crimen
1245 2843 1301 2907 ali-

158 2949 241 3030 quod
265 2948 398 3030 capitale
421 2947 587 3028 commisit,
612 2949 637 3010 si
661 2952 767 3012 autem
791 2947 884 3012 iidem
908 2967 997 3012 suam
1022 2950 1099 3014 falso
1122 2950 1300 3014 testimonio

159 3051 352 3136 expugnauit
374 3069 410 3116 ac
432 3051 576 3134 perdidit,
604 3053 629 3115 si
654 3071 777 3116 sacrum
800 3053 942 3116 ueritatis
966 3071 1078 3116 nornen
1107 3054 1233 3136 periurii
1255 3058 1301 3118 te-

161 3157 306 3220 meritate
338 3157 475 3236 uiolauit,
507 3157 532 3218 si
562 3157 687 3220 niueam
719 3157 866 3238 baptismi
899 3158 1038 3220 tunicam
1071 3161 1101 3222 et
1129 3159 1301 3240 pretiosam
1328 3181 1353 3222 rs

159 3261 349 3344 uirginitatb¹
377 3261 581 3324 holosericam
606 3279 701 3324 caeno
729 3262 947 3324 commaculati
976 3263 1102 3344 pudoris
1130 3263 1246 3344 infecit,
1275 3264 1300 3326 si

205 3561 216 3611 l
243 3556 362 3624 sotiatur]
385 3557 555 3625 pruoucnitur
579 3561 649 3626 [lurp.
724 3561 740 3612 2
764 3557 914 3610 noluntaria
937 3557 1102 3610 districtione
1125 3559 1231 3626 scripsi,
1255 3573 1300 3608 uo-

159 3643 275 3696 luntario
294 3643 453 3696 districtioni
478 3645 514 3709 D,
534 3643 698 3696 uoluntariae
718 3643 891 3697 districtionis
911 3647 982 3715 strip.
1045 3649 1061 3700 3
1079 3644 1170 3698 indicii
1191 3644 1219 3698 D
1233 3645 1299 3698 Eros.

159 3733 252 3785 leret
270 3733 340 3799 Aac.
413 3731 933 3801 111111111-12111101111101111119.
996 3731 1178 3786 6111101111)
1240 3747 1301 3782 corr·

160 3827 329 3886 tempuamus
345 3819 372 3871 D
423 3819 501 3871 7111ιῖ
514 3819 543 3871 D
554 3820 595 3882 (tu
610 3820 639 3872 111
653 3824 716 3882 rua.)
765 3818 877 3886 ignoscit
891 3837 922 3872 aa·
936 3819 1049 3884 ignoscis
1063 3819 1091 3871 D
1144 3817 1302 3872 lluretliD

159 3904 247 3958 lesura
262 3905 289 3958 D
343 3906 374 3958 15
393 3904 524 3958 (11111111)
579 3907 610 3959 111
630 3905 768 3958 iucissioue
786 3906 816 3958 D
871 3908 900 3959 11
920 3904 1135 3971 adbibcndaest]
1155 3905 1301 3958 1111111111-

159 3997 309 4061 separantur
320 3993 412 4044 statim
425 3993 506 4045 cerba
521 3995 651 4060 112111,ιῖ
670 3991 801 4044 audienda
820 3997 866 4054 cst,
882 4010 950 4060 paors
968 3998 1056 4045 11111111
1075 3993 1215 4056 emmonis,
1234 4009 1302 4059 proce

160 4081 204 4134 bic
222 4079 368 4145 intercidit,
391 4079 489 4146 lepitur
510 4081 540 4132 in
565 4080 651 4133 arcadio
674 4097 793 4133 serruooc
810 4080 977 4132 orrtocerlcotc
997 4079 1042 4143 ito,
1067 4085 1097 4131 ut
1119 4080 1200 4132 etiam
1218 4080 1301 4132 raerlm

162 4172 191 4218 ut
210 4164 502 4218 ulceris—adhibenda
520 4170 560 4218 ost
574 4167 621 4219 illo
635 4167 691 4220 loco
705 4169 883 4234 reperiuntur,
903 4169 937 4234 cf.
955 4166 1019 4219 ada.
1034 4167 1092 4220 crit.
1106 4167 1143 4218 cri
1153 4170 1254 4234 11279,
1269 4171 1302 4219 10

161 4255 194 4306 211
208 4251 310 4304 maculo
324 4251 468 4304 cotditiaua
483 4253 511 4305 D
559 4255 589 4306 21
606 4253 758 4321 uincantur]
773 4251 904 4305 curandae
918 4253 989 4321 Aup.
1038 4253 1259 4320 conpunctionem
1272 4253 1302 4306 D

161 4339 195 4394 22
213 4353 318 4392 cremari
337 4339 367 4392 D
428 4341 462 4394 23
480 4339 501 4391 ai
521 4339 623 4407 eorem}
644 4343 673 4390 nt
692 4339 713 4391 si
733 4342 804 4408 Artp.
868 4341 898 4392 21
920 4338 1040 4407 pirulidit
1059 4341 1130 4408 stup.
1181 4339 1253 4407 pluri
1274 4339 1301 4392 D

162 4427 194 4482 25
213 4423 339 4478 babtismi
359 4425 388 4481 D
451 4425 540 4480 tonica
559 4426 588 4481 D
652 4429 685 4482 211
706 4425 839 4496 uirgitatis
858 4425 887 4481 D
940 4425 1081 4480 holosiricd
1100 4427 1129 4480 D
