3222 5144
282 437 346 502 232
702 437 767 492 1111.
788 436 896 490 Sermo
916 439 995 494 2-3.

284 633 395 680 manus
419 619 501 693 tuae,
529 617 564 678 ut
587 613 715 678 brechia
737 613 802 677 eius
829 631 884 695 pro
912 615 943 676 te
970 615 1080 695 postea
1102 613 1239 696 figantur
1265 613 1295 677 iu
1320 631 1418 677 cruce.

282 723 440 802 postremo
463 722 498 782 tu
521 719 564 782 illi
585 722 619 782 ιιι
641 721 741 782 mater
764 717 967 800 temporalem
992 717 1176 782 administra
1199 715 1419 797 substantiam,

283 829 318 888 ut
345 824 410 906 ipse
439 822 527 887 uobis
559 825 590 886 et
620 820 677 886 tibi
706 839 770 885 uua
792 839 863 886 oum
886 823 974 904 patre
1005 825 1036 886 et
1065 839 1136 886 eum
1168 821 1281 905 spiritu
1313 825 1420 889 sancto

284 929 383 993 uitam
406 926 526 992 tribuat
548 926 782 1008 sempiternam.
806 924 919 990 Amen.

823 1185 881 1251 ΠΙ.

542 1329 644 1371 81111110
667 1331 699 1370 ln
721 1329 837 1370 nauum
861 1329 970 1372 SANOTI
994 1331 1158 1374 STEPHANI.

327 1451 433 1514 Lectio
457 1449 667 1531 apostolorum
691 1451 828 1528 actuum,
856 1467 935 1530 quae
957 1448 1046 1513 nobis
1073 1448 1164 1514 hodie
1191 1451 1274 1514 leota
1296 1455 1354 1531 est,
1378 1451 1422 1515 di-

284 1554 446 1618 lectissimi
468 1553 590 1632 lratres,
618 1553 882 1634 cumplurimum
909 1551 1024 1618 habeat
1049 1553 1082 1617 in
1108 1553 1177 1636 ipsa
1199 1555 1300 1638 specie
1324 1555 1422 1618 adrui-

284 1658 422 1738 ratiouis
458 1675 520 1722 uon
554 1656 657 1720 minus
692 1660 798 1721 tamen
832 1657 971 1722 eontinet
1004 1657 1036 1720 iu
1070 1657 1218 1740 mysterio
1252 1658 1421 1742 diguitatis

235 1789 259 1828 ιο
287 1782 385 1842 ecee,
416 1762 519 1843 iuquit
548 1761 659 1825 beatus
690 1759 881 1844 Stephanus,
915 1761 1023 1826 uideo
1054 1761 1178 1826 oaelos
1209 1765 1357 1843 apertos
1388 1766 1423 1826 et

286 1867 412 1931 filium
434 1865 594 1930 hominis
618 1868 779 1929 stantem
796 1883 814 1928 a
830 1864 970 1929 dextris
1001 1864 1068 1928 dei.
1104 1866 1298 1930 considerate
1314 1867 1423 1930 adten-

288 1973 359 2052 tius,
384 1970 575 2034 dilectissimi
598 1970 719 2050 fratres,
742 1988 814 2034 cum
830 1969 941 2034 beatus
965 1973 1082 2053 martyr
1097 1969 1258 2035 dominum
1282 1975 1423 2035 nostrum

288 2077 395 2142 Iesum
420 2074 580 2139 Christum
603 2074 642 2138 ad
665 2074 823 2138 dexteram
846 2075 895 2138 dei
918 2075 1015 2157 patris
1040 2077 1121 2138 stare
1145 2074 1286 2155 uidisset,
1313 2094 1367 2140 our
1390 2095 1424 2140 se

288 2179 388 2246 lilium
411 2179 546 2244 hominis
561 2177 666 2243 uidere
686 2183 820 2243 testatus
837 2183 885 2242 est
908 2183 938 2243 et
958 2197 1018 2242 uon
1041 2180 1146 2262 potius
1162 2179 1262 2243 tilium
1278 2181 1337 2260 dei,
1363 2180 1422 2262 [et]

235 2309 259 2348 n
286 2303 357 2348 eum
382 2284 489 2366 utique
512 2283 583 2364 plus
607 2283 765 2346 delaturus
788 2283 912 2348 honoris
928 2283 1052 2346 domino
1076 2283 1244 2364 uideretur,
1268 2284 1294 2348 si
1318 2304 1351 2348 se
1374 2285 1423 2348 dei

286 2388 389 2472 potius
417 2405 511 2470 quam
539 2387 672 2451 hominis
701 2387 798 2451 filiurn
826 2387 931 2450 uidere
959 2387 1106 2450 dixisset
1091 2388 1206 2452 used
1235 2393 1320 2452 certa
1347 2390 1423 2453 ratio

286 2491 534 2577 postulabatut
499 2492 660 2556 uthoot
637 2495 726 2554 ittae
749 2495 797 2555 ost
784 2491 993 2556 tenderetur
986 2511 1018 2555 ru
1034 2491 1174 2556 caeloet
1161 2493 1424 2575 tpraedicaretur

289 2599 319 2662 in
352 2597 477 2661 mundo.
531 2615 623 2661 omne
654 2595 736 2660 enim
767 2595 952 2660 Iudaeorum
984 2596 1204 2660 scandalum
1196 2616 1229 2660 ιιι
1259 2596 1317 2660 hoe
1348 2600 1424 2677 erat,

287 2722 341 2766 cur·
364 2701 506 2766 domiuus
531 2705 636 2764 noster
658 2700 746 2764 lesus
771 2699 923 2780 Christus
948 2701 1000 2782 qui
1024 2701 1194 2764 seeundum
1218 2718 1343 2766 caruem
1359 2706 1425 2765 erat

235 2831 261 2870 ιι
287 2807 369 2870 tilius
391 2806 537 2886 lroruiuis,
562 2824 629 2868 esse
646 2805 742 2868 etiam
757 2805 807 2868 dei
826 2803 908 2868 filius
924 2804 1085 2868 diceretur.
1123 2805 1192 2869 ideo
1208 2824 1281 2888 ergo
1297 2807 1424 2889 pulchre

288 2911 394 2974 diuina
425 2910 576 2992 scriptura
603 2908 703 2973 tilium
730 2909 863 2973 hominis
892 2909 931 2972 ad
960 2908 1117 2972 dexteram
1141 2909 1189 2972 dei
1217 2911 1314 2993 patris
1342 2913 1425 2974 stare

288 3014 485 3094 memorauit,
509 3017 545 3078 ut
567 3014 605 3076 ad
626 3012 877 3077 contundendam
893 3012 1079 3076 Iudaeorum
1103 3013 1349 3078 incredulitatem
1373 3015 1425 3078 ille

287 3119 415 3200 martyri
446 3118 664 3182 ostenderetur
699 3118 730 3182 in
761 3119 861 3197 caelo,
901 3118 953 3200 qui
983 3135 1001 3181 ιι
1031 3117 1155 3199 perfidis
1190 3118 1363 3202 negabatur
1392 3121 1424 3182 iu

288 3222 413 3302 mundo,
443 3227 473 3286 et
500 3223 546 3286 illi
573 3223 787 3287 testimonium
815 3223 959 3287 caelestis
986 3223 1102 3286 ueritas
1130 3223 1227 3302 deret,
1255 3224 1303 3288 oui
1332 3224 1425 3287 fidem

236 3353 261 3392 ss
288 3331 410 3391 terrena
440 3327 584 3410 impietas
617 3327 794 3410 derogaret,
825 3327 921 3407 uude,
955 3327 1028 3390 licet
1056 3327 1141 3390 iuxta
1170 3328 1342 3410 psalmum,
1372 3329 1426 3408 qui

393 3473 436 3541 ro]
457 3473 514 3527 net.
529 3477 552 3537 ι,
566 3476 607 3528 ee.

333 3611 722 3682 lposteacop.,t0rtet1›
770 3613 907 3681 tingantur
925 3615 954 3667 Ι)
1015 3611 1092 3666 atui
1116 3613 1145 3666 I)
1203 3612 1370 3665 amministra
1393 3613 1423 3666 D

288 3703 304 3755 6
323 3699 476 3753 deserrnoue
496 3699 524 3752 in
543 3684 573 3752 nt
592 3699 629 3754 sci
648 3699 768 3768 stephani
789 3702 830 3766 l),·
848 3707 934 3754 castet
952 3701 996 3754 tic
1013 3717 1098 3754 sereno
1117 3701 1197 3753 etiam
1215 3700 1292 3769 epod
1310 3700 1426 3753 Maxim.

289 3789 370 3842 Taur.
382 3787 474 3840 LVII
482 3791 534 3840 379
546 3787 586 3841 M.
600 3788 852 3843 emmerammenses
865 3788 1015 3856 Aceruntini
1028 3787 1123 3842 dubios
1137 3785 1214 3841 CCX
1226 3789 1280 3853 (39,
1291 3791 1361 3840 2138
1373 3787 1428 3854 Μ.)

288 3875 368 3928 initio
377 3875 464 3942 perclo
477 3875 597 3929 auctiore
651 3876 729 3941 aque
744 3875 771 3927 1)
824 3873 960 3927 hodiaall
1013 3873 1146 3975 8speoiaa
1164 3875 1193 3927 D
1246 3877 1278 3928 10
1291 3871 1428 3940 iuquidll

287 3985 403 4040 celosll
464 3987 495 4040 12
514 3985 608 4038 martir
626 3987 655 4040 1)
719 3988 749 4040 13
768 3985 881 4038 derdere
901 3987 928 4040 Ι)
993 3989 1023 4041 14
1042 3985 1132 4054 putius
1151 3987 1180 4040 Ι)
1244 3987 1428 4040 etuncisin·

287 4100 363 4164 clusi,
376 4099 535 4167 deestopud
549 4101 624 4152 Mac.
641 4099 721 4154 Your
735 4100 843 4168 etAup
900 4101 931 4154 11
951 4099 1003 4152 dno
1022 4117 1054 4154 ex
1073 4095 1138 4152 ‹er
1156 4099 1184 4152 Ι)
1239 4101 1270 4153 16
1288 4098 1377 4168 putius
1397 4100 1428 4153 I)

287 4176 402 4264 ratiomD
457 4213 488 4266 18
507 4210 617 4264 iudeoru
635 4212 664 4264 ll
722 4212 754 4266 20
774 4210 968 4268 ιιίιιιιιιιιιιΙ)
1021 4211 1110 4282 pulcre
1129 4211 1158 4265 D
1213 4213 1244 4266 21
1265 4210 1380 4264 derdere
1397 4214 1428 4266 D

288 4301 320 4354 22
346 4296 457 4352 1ιιι1ιοιιῖ
476 4298 504 4352 D
569 4297 613 4350 ille
632 4315 769 4366 suprascr
789 4299 825 4368 l),
844 4298 883 4350 illi
903 4301 979 4354 Mac
1042 4302 1075 4354 at
1093 4297 1221 4352 caelestis
1240 4299 1269 4352 1)
1321 4300 1354 4354 25
1372 4306 1427 4352 ter·

287 4403 366 4442 raeua
384 4386 413 4441 D
478 4385 617 4454 derogarat
638 4387 713 4440 Max.
