3320 5140
359 480 451 534 XVIII
805 481 1047 549 Prolegomena.

359 656 429 720 cilio
451 655 645 720 Arausicano
667 675 695 720 a.
711 654 775 720 529
796 657 940 720 caesario
963 658 1158 746 praesidente
1182 657 1321 722 doctrina
1343 659 1497 723 catholica

358 760 397 823 de
416 761 518 842 gratia
537 764 569 824 et
587 759 684 824 libero
705 759 831 825 arbitrIo
851 759 981 826 delinita
1000 767 1049 825 ost
1068 760 1121 844 (el.
1138 760 1267 845 Stilting
1288 763 1308 826 l.
1326 763 1346 827 l.
1361 783 1390 846 p.
1408 761 1494 844 677),

357 863 532 928 Krnschius
555 865 576 928 l.
593 865 613 928 l.
635 885 664 947 p.
682 864 802 929 LVIIII
830 867 931 930 anicii.
971 866 1049 930 adde
1079 866 1162 948 quod
1190 864 1352 930 Caesarius
1384 886 1411 930 a.
1432 865 1496 930 534

358 969 377 1032 i.
396 988 421 1033 e.
439 970 575 1052 quinque
599 971 688 1034 annis
711 973 783 1052 post
805 971 972 1036 concilium
987 969 1218 1035 Arausicannm
1241 971 1275 1034 in
1298 975 1433 1036 tractatu
1457 971 1495 1034 ad

358 1073 517 1156 episcopos
535 1072 654 1138 Galliae
673 1074 706 1137 in
726 1092 820 1138 eausa
836 1073 1061 1140 Contumeliosi
1077 1075 1214 1157 episcopi
1228 1075 1370 1139 Reiensis
1387 1075 1495 1139 Fausti

358 1179 545 1242 successuris
566 1179 638 1243 dato
655 1179 765 1242 Fausti
782 1180 968 1244 auctorltate
984 1199 1060 1242 usus
1077 1183 1126 1242 est
1141 1179 1180 1243 ad
1195 1199 1273 1259 rem,
1291 1179 1327 1242 de
1343 1197 1406 1261 qua
1421 1181 1493 1263 agit,

356 1281 549 1364 probandam
573 1281 625 1365 (cl.
642 1283 725 1346 inira
746 1302 775 1364 p.
793 1280 881 1366 220),
904 1284 935 1347 id
958 1283 1040 1365 qnod
1063 1284 1248 1347 documento
1272 1288 1320 1347 est
1342 1283 1493 1347 Faustum

357 1404 457 1466 neque
481 1386 768 1469 Semipelagiunum
797 1387 908 1451 fuisse*
926 1406 1026 1468 neque
1057 1405 1076 1450 a
1106 1387 1260 1468 Caesario,
1292 1387 1494 1452 acerbissimo

356 1491 447 1584 huius
467 1491 630 1554 haereseos
646 1491 835 1572 aduersario,
859 1492 1029 1574 ceterisque
1046 1490 1165 1556 Galliae
1186 1493 1336 1575 episcopis
1353 1492 1493 1556 habitum

356 1614 435 1658 esse.
481 1613 558 1676 quae
586 1613 660 1658 uero
687 1595 862 1660 doctrinam
884 1594 1169 1680 Semipelagianam
1196 1597 1228 1660 in
1256 1597 1321 1660 eius
1349 1595 1493 1679 operibus

356 1699 454 1779 olent,
488 1700 565 1763 haec
595 1718 657 1765 non
687 1701 836 1764 haeretiei
867 1701 1038 1784 peruicacis
1070 1701 1124 1766 sed
1154 1701 1290 1766 hominis
1321 1701 1404 1765 bona
1434 1701 1492 1764 lide

356 1805 487 1868 errantis
511 1804 609 1869 uerba
630 1809 714 1885 sunt,
738 1823 800 1886 quo
822 1805 860 1870 de
882 1825 916 1869 re
939 1806 1150 1885 senseramus,
1182 1823 1260 1886 quae
1284 1804 1412 1888 Stilting
1434 1807 1454 1870 l.
1472 1805 1491 1868 l.

354 1927 384 1990 p.
402 1905 573 1970 sss-696
597 1910 747 1992 exposuit,
779 1927 971 1991 quamquam
993 1909 1077 1973 hunc
1100 1910 1203 1974 uuum
1228 1909 1353 1974 doctum
1377 1909 1492 1973 Fausto

354 2012 446 2075 nimIs
469 2013 574 2076 fauere
598 2012 672 2076 alibi
694 2013 888 2078 ostendimus
912 2013 964 2095 (cl.
982 2013 1087 2078 studia
1109 2017 1216 2078 nostra
1238 2034 1269 2098 p.
1286 2012 1351 2096 69).

398 2116 502 2180 Tertio
522 2117 589 2180 loco
605 2115 784 2181 Gennadius
804 2136 960 2200 paruum
980 2118 1161 2182 aduersus
1176 2117 1337 2196 Arianos
1361 2121 1397 2181 et
1418 2117 1492 2182 Ma-

354 2221 577 2286 cedonianos
600 2221 774 2286 libellum
797 2221 897 2302 affert,
921 2241 1016 2304 quern
1039 2225 1198 2286 seruatum
1223 2241 1291 2288 esse
1311 2221 1490 2284 Brenicrio

353 2325 436 2407 quod
459 2326 578 2406 dicitur,
594 2323 679 2406 fidei
701 2323 863 2387 aduersus
879 2323 1023 2388 Arianos
1045 2327 1127 2390 edito
1143 2327 1279 2409 primum
1295 2345 1313 2390 a
1329 2325 1490 2392 Sirmondo

353 2429 526 2513 (Opuscula
538 2430 714 2514 dogmatica
729 2433 873 2494 ueterum
889 2431 1024 2512 quinque
1041 2432 1238 2513 scriptorum,
1254 2430 1383 2496 Parisiis
1399 2429 1489 2510 1030,

351 2553 381 2616 p.
399 2533 440 2596 13
456 2535 548 2617 sqq),
573 2534 725 2617 aMignio
749 2534 830 2598 inter
852 2553 946 2616 opera
961 2535 1075 2598 Leonis
1092 2535 1201 2618 Magni
1223 2537 1375 2618 impresso
1392 2534 1489 2616 (Patr.

351 2639 405 2703 lat.
422 2639 502 2703 XIII
524 2637 588 2702 653
603 2640 684 2722 sqq.)
712 2640 786 2702 olim
814 2639 990 2723 Stiltingius
1021 2639 1064 2722 (p.
1087 2638 1175 2722 702),
1203 2659 1287 2703 nunc
1314 2639 1488 2704 Suitbertus

351 2743 506 2808 Baeumer
529 2743 645 2825 (Uabcr
668 2743 733 2807 drei
755 2744 895 2807 verioren
912 2763 1095 2828 gegangone
1111 2743 1267 2810 Schriften
1283 2744 1337 2809 des
1354 2745 1488 2809 Faustus

351 2864 411 2911 son
434 2847 508 2912 Rieu
531 2848 563 2911 in
586 2847 784 2930 ephemeride
804 2847 1005 2931 Mogontiaca
1029 2847 1199 2928 ,Katholik‘
1225 2846 1306 2910 1887
1330 2869 1359 2932 p.
1382 2846 1489 2910 386-

350 2949 428 3034 406)
451 2954 566 3015 censet.
612 2951 667 3016 sed
697 2971 770 3015 cum
800 2971 862 3016 non
891 2956 991 3016 exstet
1018 2971 1133 3017 nomen
1161 2953 1319 3036 scrIptoris
1343 2953 1489 3017 breuiarii

350 3073 482 3138 cumque
510 3060 654 3120 seruatus
681 3056 723 3119 sit
745 3074 862 3138 paruus
885 3057 1010 3120 libellus
1035 3057 1141 3120 Fausti
1166 3058 1291 3122 nomine
1318 3058 1487 3142 insIgnltus
1541 3095 1545 3106 ·

349 3163 381 3224 et
403 3179 500 3242 aeque
523 3179 559 3224 ac
580 3160 773 3224 breuiarium
797 3161 872 3224 illud
904 3165 1012 3224 contra
1034 3161 1168 3224 Arianos
1193 3165 1224 3225 et
1246 3161 1487 3226 Macedonianos

349 3265 494 3347 scriptus
525 3265 608 3329 hunc
638 3266 840 3348 posteriorem
864 3264 1061 3330 Gennadium
1092 3266 1247 3348 respicere
1271 3266 1486 3330 contendimus

347 3370 381 3433 in
396 3369 607 3452 disputatione
624 3369 814 3452 ephemeridi
829 3388 936 3452 gymn.
950 3375 1046 3434 austr.
1063 3367 1146 3432 1890
1158 3389 1187 3452 p.
1202 3368 1265 3432 298
1279 3390 1346 3453 sqq.
1359 3373 1485 3435 Inserta.

347 3476 499 3538 tractatus
516 3477 633 3554 autem,
650 3492 744 3554 quem
760 3472 936 3553 laudamus,
958 3474 1058 3538 editus
1076 3478 1124 3538 est
1139 3477 1334 3556 postremum
1351 3493 1369 3538 a
1383 3475 1419 3538 P.
1435 3475 1487 3538 Pi-

348 3578 448 3658 thoeo,
461 3578 613 3643 Ueterum
626 3577 873 3658 aliquotGalliae
886 3579 1102 3662 theologorum
1115 3580 1240 3662 scripta,
1253 3579 1382 3644 ParisiIs
1393 3577 1486 3659 1086,

345 3702 375 3765 p.
396 3679 457 3745 124
477 3701 560 3764 sqq:
591 3680 709 3744 Fausti
736 3681 831 3767 Repo
858 3679 991 3746 Gallice
1020 3682 1163 3768 episcopi
1191 3682 1228 3746 de
1257 3683 1384 3746 ratione
1402 3681 1487 3765 fidoi

346 3784 392 3848 ad
407 3784 529 3848 obiecta
545 3784 704 3870 quaedum
719 3786 895 3870 responsio.
904 3787 929 3870 ¹)
952 3806 1047 3870 quarn
1063 3788 1101 3852 ob
1118 3807 1185 3851 rom
1201 3788 1300 3852 falsus
1316 3793 1365 3853 ost
1381 3788 1486 3852 serdi-

346 3890 467 3954 nandus
483 3909 604 3973 qnoque
622 3890 744 3970 Cabrol,
768 3893 820 3972 qui
835 3893 868 3956 in
884 3892 1115 3956 commentariis
1131 3892 1283 3957 Parisinis
1300 3891 1407 3954 Revua
1431 3891 1485 3954 des

345 3993 507 4079 questions
530 3993 725 4079 historiques
752 3992 835 4058 1890
857 4015 887 4079 p.
904 3994 1077 4060 232-243
1107 3999 1277 4062 tractatum
1300 3997 1400 4077 illum,
1431 3997 1485 4079 qui

344 4099 524 4163 inscribimr
548 4096 632 4161 iiber
655 4097 910 4162 testimoniorum
925 4099 1008 4182 fidei
1030 4109 1145 4163 contra
1159 4100 1351 4163 Dentatistas
1375 4121 1484 4183 quem-

345 4221 405 4284 que
439 4204 537 4268 edidit
568 4204 655 4268 Pitra
687 4205 720 4268 in
753 4204 915 4270 Analectis
951 4206 1047 4270 sacris
1082 4209 1114 4270 et
1146 4205 1284 4270 classicis
1319 4205 1483 4290 Spicilegio

388 4427 406 4495 ¹]
426 4427 465 4482 cf.
480 4427 551 4482 lnlra
568 4428 698 4498 appendix
715 4428 796 4482 huius
814 4429 939 4483 editionis
956 4446 981 4498 p.
994 4431 1043 4485 451
1059 4445 1114 4497 sqq.
