3264 5134
257 465 297 528 10
518 445 520 448 ¹
717 461 737 514 l.
757 460 801 513 De
820 459 927 527 gratia

256 640 294 704 ad
321 639 480 702 hominem
509 637 722 701 subruendum
750 636 787 699 de
816 653 889 699 casu
915 634 1038 717 proprio
1066 633 1217 716 lapsuque
1240 631 1391 715 disposuit

256 749 297 824 ot,
320 743 474 826 quomodo
498 743 618 822 cecidit,
643 743 686 805 sic
708 740 839 823 decepit.

298 847 377 928 Quid
400 865 472 912 uero
497 846 580 910 aliud
603 845 847 929 intellegendum
872 849 920 907 est
942 843 1037 907 etiam
1058 842 1090 906 in
1113 842 1191 924 ipsa,
1215 859 1277 923 qua
1298 841 1390 905 homo

136 1035 140 1044 Ι
256 953 398 1017 conditus
415 957 473 1032 est,
487 952 534 1015 dei
550 951 684 1034 imagine
698 951 754 1013 nisi
767 948 970 1031 perennitatis
983 947 1126 1030 insigne?
1143 963 1237 1028 quam
1249 945 1392 1027 perenni-

217 1073 230 1111 5
257 1061 354 1120 tatem
371 1075 431 1120 noo
445 1056 546 1120 solum
559 1055 682 1118 animae
698 1072 759 1117 non
776 1054 964 1134 ademptam,
982 1052 1036 1114 sed
1052 1051 1146 1115 ctiam
1162 1049 1281 1132 corpori
1297 1067 1391 1131 agno-

256 1162 316 1224 scis
332 1159 564 1224 resurrectionis
586 1159 699 1222 uirtute
715 1161 899 1240 reparatam.
931 1159 1118 1239 quapropter
1134 1154 1391 1220 inmortalitatem

255 1265 374 1329 homini
398 1265 588 1328 conmissam
611 1281 672 1326 non
695 1261 819 1326 dubites
843 1265 914 1325 ante
938 1261 1073 1344 culpam,
1096 1278 1190 1341 quam
1213 1259 1299 1323 reddi
1321 1277 1392 1342 per-

257 1370 349 1453 spicis
374 1369 468 1433 etiam
491 1371 562 1451 post
585 1367 717 1430 ruinam.

299 1473 423 1538 Asserit
443 1491 515 1556 ergo
532 1473 677 1555 Pelagius
693 1470 806 1550 Adam,
830 1470 897 1534 siue
921 1473 1080 1553 peccasset
1103 1469 1168 1532 siue
1190 1486 1393 1550 1101010111-

194 1574 230 1634 10
257 1581 317 1658 set,
348 1578 534 1642 omnimodis
564 1577 659 1640 fuisse
690 1575 886 1639 moriturum.
926 1577 956 1636 et
984 1573 1042 1638 hoc
1072 1592 1108 1636 er
1137 1573 1206 1656 ipsa
1236 1573 1392 1657 pronitate

257 1682 426 1760 descendit,
451 1700 512 1762 qua
535 1684 629 1764 negat
652 1680 800 1763 originale
824 1679 982 1742 delictum.
1022 1677 1096 1742 dum
1121 1677 1205 1741 enim
1228 1677 1392 1742 adfirmare

256 1786 415 1850 contendit
431 1785 626 1867 mortlal]em
646 1784 866 1848 necessitatem
882 1781 1067 1847 conditionis
1083 1782 1190 1862 luisse,
1213 1801 1275 1846 non
1291 1787 1393 1846 trans·
1454 1811 1462 1826 ·

256 1891 434 1974 gressionis,
457 1891 526 1954 uult
546 1890 643 1953 uideri
666 1889 816 1972 originem
836 1888 927 1951 huius
951 1885 1044 1952 debiti
1065 1904 1126 1950 11011
1147 1905 1280 1968 asenna,
1305 1889 1358 1952 sed
1375 1908 1394 1951 a

256 1995 391 2076 domino,
415 2013 475 2058 non
493 2013 512 2058 a
527 1997 749 2076 contemptore,
774 1993 827 2056 sed
851 1991 889 2056 ab
914 1995 1038 2056 auctore
1062 1990 1211 2073 coepisse,
1235 1995 1270 2055 ut
1284 1993 1393 2056 mortis

178 2179 179 2182 Ἴ
206 2116 230 2154 ¹⁵
256 2100 304 2164 lex
321 2099 521 2164 ordinationis
545 2098 687 2162 credatur
703 2117 781 2177 esse,
806 2116 867 2162 nou
883 2096 1029 2160 criminis.
1071 2099 1101 2160 et
1120 2095 1202 2160 hanc
1224 2097 1391 2180 lugendam

257 2204 473 2268 contritionem
498 2221 589 2285 super
612 2202 784 2266 humanum
808 2220 907 2284 genus
931 2218 992 2265 non
1015 2201 1244 2282 praeuaricator
1266 2205 1392 2284 putetur

257 2307 478 2386 transmisisse,
503 2306 556 2370 sed
580 2305 739 2370 conditor?
785 2309 816 2368 et
838 2305 890 2368 ubi
914 2308 961 2368 est
983 2304 1074 2368 illud:
1103 2305 1246 2369 inuidia
1269 2310 1391 2370 autern

256 2411 396 2476 diaboli
420 2429 516 2475 mors
539 2409 713 2474 introiuit
735 2409 771 2473 iu
795 2407 918 2472 orbem
941 2411 1147 2473 terrarum?
1189 2409 1264 2473 dum
1287 2413 1391 2475 11111111

255 2518 418 2599 peccatum
435 2514 560 2598 originis
577 2513 720 2598 denegat,
744 2513 825 2577 tollit
840 2513 965 2577 omnino
982 2531 1120 2593 causam,
1141 2533 1202 2597 qua
1217 2516 1393 2599 redemptor·

205 2636 230 2674 ao
257 2619 427 2685 aduenerit.
458 2618 632 2698 uideamus
648 2621 753 2681 utrum
777 2637 831 2700 per
846 2617 1042 2681 uoluntatem
1065 2617 1114 2682 dei
1131 2636 1169 2682 au
1189 2637 1245 2701 per
1259 2619 1393 2684 hominis

256 2723 442 2805 prauitatem
466 2722 569 2786 infelix
596 2725 627 2786 et
646 2721 787 2785 deflenda
809 2721 942 2785 conditio
965 2722 1090 2786 initium
1113 2724 1290 2805 sumpserit.
1323 2725 1393 2788 audi

257 2827 331 2908 quid
359 2826 434 2890 tuba
460 2829 607 2907 personet
633 2826 789 2890 ueritatis:
820 2830 1033 2909 propterea,
1062 2826 1177 2908 inquit,
1205 2829 1303 2892 sicut
1328 2848 1393 2910 per

259 2949 368 2994 unum
400 2930 585 2994 hominem
617 2930 652 2993 in
683 2931 780 2994 hunc
808 2930 980 2994 mundum
1011 2935 1204 3012 peecatum
1236 2933 1395 2996 intrauit

258 3039 294 3098 et
315 3053 378 3116 per
401 3038 591 3117 peceatum
609 3051 719 3113 more,
744 3035 795 3098 ita
810 3035 845 3098 in
861 3053 987 3098 omnes
1010 3036 1179 3100 homines
1196 3055 1292 3101 mors
1316 3057 1394 3120 per-

205 3157 230 3194 11
258 3138 426 3220 transiit,
459 3139 495 3200 in
526 3155 594 3220 quo
624 3155 750 3202 omnes
781 3145 1045 3220 peccauerunt.
1092 3140 1221 3204 dicendo
1247 3141 1394 3226 Pelagius

257 3241 360 3304 Adam
390 3243 553 3305 mortalem
585 3243 700 3306 factum
731 3243 762 3305 in
794 3243 894 3324 primo
925 3245 1064 3307 facturae
1094 3244 1201 3308 ordine
1234 3246 1395 3310 coustituit

259 3349 402 3426 mortem,
430 3365 524 3428 quam
553 3366 607 3429 pro
631 3365 710 3410 nora
736 3347 1010 3428 praeuaricationis
1034 3349 1124 3412 tertio
1151 3350 1248 3432 gradu
1273 3353 1396 3414 constat

258 3451 436 3532 inpositam.
472 3451 564 3514 homo
588 3451 670 3513 enim
694 3469 771 3532 opus
795 3451 853 3531 dei,
877 3456 1040 3533 peceatum
1064 3470 1140 3533 opus
1164 3452 1288 3531 diaboli,
1312 3469 1395 3516 mors

257 3572 357 3637 poena
383 3555 512 3635 peccati.
551 3572 625 3618 nam
652 3556 810 3635 apostolus
839 3573 899 3620 non
928 3557 1020 3620 dixit:
1052 3556 1198 3620 uoluntas
1226 3557 1274 3620 dei
1302 3575 1394 3636 mors,

205 3676 231 3715 ro
259 3659 330 3720 sed:
355 3658 584 3741 stipendium
606 3660 750 3739 peccati
773 3677 878 3723 mors.

303 3763 397 3826 Delos
422 3781 495 3844 ergo
519 3763 584 3826 eius
608 3762 639 3826 in
667 3763 819 3844 profundo
842 3764 976 3827 latentes
1000 3764 1161 3828 sollicitius
1184 3765 1394 3848 inspiciamus.

258 3865 326 3929 ideo
354 3869 487 3929 mortem
515 3866 652 3949 adplicat
678 3867 838 3948 conditori,
866 3870 909 3946 ut,
938 3867 974 3931 de
1001 3886 1061 3949 qno
1088 3868 1287 3950 potissimum
1314 3869 1396 3934 malo

365 4019 407 4088 17]
427 4021 487 4088 Sap.
507 4023 530 4084 2,
544 4023 584 4076 al.
638 4021 683 4089 22]
703 4021 778 4075 Rom.
798 4025 821 4084 5,
837 4025 875 4076 12.
929 4021 974 4089 311]
994 4022 1070 4075 Rom.
1090 4026 1167 4086 6,23.

302 4141 480 4208 lirnagiuem
500 4143 523 4195 si
542 4144 568 4197 P
636 4146 822 4211 crepantum
841 4145 868 4196 P
936 4143 1058 4198 liddam
1077 4163 1157 4200 omo
1224 4145 1397 4200 inormibus

260 4227 380 4282 modiso
444 4231 472 4283 11
494 4227 625 4283 discendit
643 4231 671 4283 P
731 4229 776 4296 qui
794 4231 837 4284 111
855 4229 950 4298 quiae
1011 4231 1126 4285 orienale
1146 4233 1172 4285 P
1234 4234 1397 4287 121110111111

258 4316 365 4383 scripsi,
385 4315 525 4368 mortalem
544 4317 571 4370 P
621 4315 819 4382 trasgressionis
838 4318 865 4370 P
918 4320 949 4373 14
968 4320 1131 4372 contemtore
1150 4320 1177 4372 P
1234 4321 1347 4374 161111
1365 4335 1399 4372 111

259 4403 378 4457 corrictus
395 4401 575 4456 cerrdicionem
594 4405 652 4458 coll.
668 4405 715 4457 lin.
728 4408 762 4458 21
816 4406 849 4459 22
864 4403 957 4473 inquid
975 4407 1002 4459 P
1055 4409 1090 4461 28
1104 4405 1204 4459 diabuli
1219 4407 1247 4461 P
