3244 5130
628 491 679 546 ΠΙ.
698 491 850 561 Epistula
869 495 890 548 1.
1266 494 1327 558 163

190 665 399 732 destruantur.
437 685 494 730 uos
511 671 616 731 autem
632 687 687 749 per
702 667 973 732 inluminationem
989 666 1106 733 Christi
1121 669 1274 732 ueraciter
1297 672 1328 732 et

191 771 381 835 confidenter
404 771 577 835 adserimus
605 775 636 835 et
659 790 742 851 euru,
770 773 821 853 qui
844 771 936 854 periit
959 791 1013 854 per
1037 771 1172 854 culpam,
1204 773 1326 836 saluum

189 893 257 938 esse
280 876 419 958 potuisse
443 895 498 958 per
520 876 666 959 gratiam,
690 876 717 940 si
739 876 858 959 gratiae
882 876 941 959 ipsi
961 876 1073 940 famuli
1096 874 1212 940 laboris
1236 875 1326 940 oboe-

190 979 339 1044 dientiam
363 998 426 1044 non
449 983 605 1063 negasset,
629 983 661 1044 et
684 999 766 1060 eum,
789 980 843 1062 qui
865 999 920 1063 per
934 981 1070 1064 gratiam
1087 981 1125 1046 ad
1141 981 1240 1046 bonae
1255 999 1328 1046 con-

188 1085 407 1150 summationis
437 1089 537 1149 metas
569 1085 696 1149 seruitio
727 1084 919 1166 obsequente
950 1085 1102 1168 peruenit,
1133 1085 1242 1150 cadere
1272 1105 1327 1169 per
1367 1112 1379 1151 s

188 1189 342 1254 desidiam
366 1193 397 1253 et
419 1189 520 1272 perire
542 1189 680 1272 potuisse
703 1209 758 1273 per
781 1191 915 1273 culpam.
951 1207 1006 1254 uos
1031 1207 1103 1274 ergo
1118 1209 1174 1273 per
1189 1190 1327 1254 medium

187 1293 311 1360 Christo
343 1294 420 1358 daco
450 1293 629 1377 gradientes
660 1298 730 1378 post
752 1295 896 1378 gratiam,
928 1295 995 1358 siae
1021 1311 1083 1376 qua
1105 1294 1184 1358 nihil
1207 1313 1326 1374 sumus,

187 1397 328 1464 laborem
363 1397 520 1464 officiosae
555 1399 715 1463 seruitutis
751 1399 933 1463 adserimus.
981 1399 1035 1462 sed
1065 1399 1243 1463 omnimodo
1272 1399 1327 1462 ad-

187 1503 366 1586 rogantiam
393 1507 425 1566 et
446 1503 733 1586 praesumptionem
756 1501 871 1567 laboris
895 1503 1097 1583 excludimus,
1127 1507 1162 1567 ut
1184 1503 1257 1567 totis
1279 1503 1327 1566 ui·

188 1607 274 1672 ribus
305 1607 505 1688 desudantes,
536 1626 575 1672 ue
605 1609 705 1691 gratia
734 1610 766 1672 iu
796 1607 885 1673 nobis
909 1613 1087 1688 euacuetur,
1117 1608 1266 1692 quidquid
1289 1609 1325 1673 de
1354 1633 1379 1674 ιο

190 1729 284 1778 mauu
314 1712 432 1776 domini
463 1713 703 1795 susceperimus,
737 1712 854 1778 dorium
883 1713 1121 1796 pronuntiemus
1152 1732 1230 1794 esse,
1264 1731 1326 1777 nou

189 1817 373 1899 praemium,
397 1817 529 1882 scientes
552 1815 666 1881 laboris
690 1817 788 1899 ipsius
812 1817 949 1882 fructum
973 1815 1065 1881 officii
1079 1835 1147 1881 rem
1163 1836 1241 1898 esse,
1265 1835 1326 1882 uon

190 1919 300 2000 meriti,
317 1939 390 1986 cum
406 1921 599 2004 euangelista
614 1921 765 1985 diceutes:
786 1922 886 1986 serui
901 1921 1057 1986 inutiles
1074 1940 1215 2002 sumus,
1232 1923 1326 2004 quod

190 2024 382 2090 debuimus
406 2025 529 2090 tacere
554 2025 719 2090 lecimus.

232 2129 329 2210 Haec,
360 2147 438 2212 quae
461 2129 595 2194 strictim
618 2147 673 2212 pro
697 2130 849 2213 epistulae
872 2128 1024 2194 breuitate
1048 2135 1221 2196 memorata
1242 2135 1325 2211 sunt,
1355 2156 1379 2196 n

191 2238 244 2298 aut
274 2234 409 2317 recipere
439 2253 472 2298 sc
504 2237 559 2298 aut
587 2253 732 2317 respuere
763 2234 951 2299 unanimitas
982 2237 1037 2300 tua
1062 2239 1239 2300 recurrente
1262 2254 1326 2300 ser-

191 2356 282 2402 mone
305 2339 502 2421 respondeat.
538 2341 677 2402 ceterum
701 2339 753 2421 qui
776 2339 856 2402 hanc
871 2339 1012 2403 ueritatis
1028 2357 1208 2404 mensuram
1224 2340 1328 2424 gratia

190 2443 393 2525 praecedente
424 2447 455 2506 et
484 2447 597 2508 conatu
628 2443 815 2526 adsurgente
844 2461 907 2508 uon
938 2444 1086 2526 sequitur,
1117 2445 1229 2528 dignus
1257 2445 1326 2524 erit,

191 2547 243 2627 qui
265 2565 284 2610 a
307 2549 403 2612 sacris
433 2547 594 2612 liminibus
626 2551 776 2612 arceatur.
824 2565 880 2630 ego
904 2550 1010 2612 tanuen
1033 2548 1226 2612 indiuiduam
1250 2549 1325 2612 mihi

190 2651 363 2716 bonitatem
393 2654 480 2716 tuam
507 2655 572 2714 toto
596 2652 733 2716 sincerae
756 2651 958 2735 benignitatis
982 2653 1125 2735 amplexu
1148 2653 1180 2716 iu
1203 2653 1255 2716 uia
1278 2672 1326 2716 re·
1352 2678 1378 2716 εο

191 2756 292 2820 tineus
316 2756 398 2820 intra
421 2755 529 2820 matris
553 2756 700 2820 ecclesiae
723 2757 877 2840 gremium
893 2769 1076 2837 permanere
1091 2757 1253 2839 repudiato
1269 2757 1326 2820 hoc

192 2878 291 2924 errore
315 2860 466 2925 desidero.
512 2860 564 2942 qui
588 2860 613 2922 si
636 2861 697 2924 cito
720 2865 895 2942 respuatur,
923 2861 1099 2943 ignorantia
1122 2861 1217 2924 luisse
1241 2861 1326 2925 uide·

191 2963 283 3044 bitur,
312 2963 509 3046 blasphemia
532 2981 605 3028 uero
628 2963 834 3047 reputabitur,
858 2964 885 3028 si
908 2965 1108 3047 pertinaciter
1132 2964 1324 3028 defendatur.

191 3087 319 3151 manem
340 3087 474 3151 namque
494 3068 526 3132 in
544 3073 703 3134 auctorem
720 3073 936 3150 retorquemus
951 3069 1111 3149 inuidiam,
1135 3070 1160 3132 si
1176 3069 1325 3149 dicamne,

191 3173 270 3255 quod
301 3173 328 3236 ei
358 3173 599 3258 possibilitatem
630 3173 838 3255 capessendae
869 3174 979 3238 salutis
1010 3175 1144 3238 noluerit
1172 3175 1245 3238 dare
1273 3173 1325 3256 qui
1353 3200 1378 3238 rs

190 3279 290 3359 periit,
315 3279 358 3360 [ei
382 3278 554 3358 dumtaxat,
579 3280 631 3358 qui
654 3296 763 3360 capere
786 3279 849 3342 iam
872 3278 971 3360 possit
988 3279 1106 3342 arbitrii
1123 3277 1324 3360 libertatem]

296 3458 340 3528 ra]
358 3457 420 3512 rna.
437 3461 476 3520 rr,
491 3461 530 3514 10.

235 3637 246 3690 l
261 3632 430 3687 distmrantur
443 3633 476 3702 P,
495 3632 706 3688 destruunturS
756 3634 772 3688 2
785 3631 933 3686 adserimur
947 3630 991 3700 8¹,
1004 3633 1146 3686 asserimus
1159 3633 1187 3688 P
1237 3633 1253 3687 3
1269 3633 1325 3704 ipse

191 3747 341 3802 Mommsen
394 3746 477 3815 ipsius
499 3744 640 3800 famulatui
663 3745 804 3801 saronem
857 3703 1026 3800 ddosidlrsm
1046 3747 1073 3800 P
1123 3745 1277 3800 8oftici0se
1297 3748 1326 3814 S,

191 3833 335 3887 laboriosae
354 3835 495 3888 Rarom'us
548 3833 690 3886 asserimus
704 3834 731 3887 P
782 3833 1087 3902 tlpresumpticnemS
1137 3836 1167 3889 ll
1187 3833 1326 3902 susciperi-

192 3937 249 3974 rnus
273 3921 301 3975 P
368 3920 571 3989 pronuntiamus
595 3939 611 3975 ε
682 3922 714 3974 12
736 3920 867 3988 premium
890 3921 920 3987 S,
945 3920 1079 3988 praecium
1102 3920 1136 3988 P,
1158 3921 1272 3989 pretium
1295 3922 1329 3976 H

194 4010 223 4063 13
235 4006 411 4076 euangelistlla
423 4005 573 4076 diceneus
611 4007 756 4080 ,lbperP
807 4005 953 4060 abreuitate
968 4005 1196 4074 S,braeuitateP
1242 4010 1327 4062 lore·

191 4111 280 4164 cepere
300 4096 351 4150 PS
411 4097 442 4151 17
461 4095 575 4164 gratiam
595 4095 622 4148 P
684 4097 715 4150 19
733 4111 749 4148 a
766 4111 816 4149 om.
831 4094 864 4149 Η
920 4092 1057 4147 liminibus
1079 4093 1280 4150 velaminibus
1302 4097 1329 4149 P

192 4181 292 4252 tamea]
312 4187 401 4236 autem
420 4183 561 4237 Barcaeus
614 4180 680 4234 mihi
698 4199 783 4237 omo
835 4183 870 4236 20
888 4181 988 4234 siccem
1007 4181 1034 4234 P
1088 4181 1252 4250 in-gremio
1269 4182 1328 4238 Ba·

191 4271 285 4324 ronias
351 4271 382 4324 21
403 4267 554 4326 eclesiacS
621 4269 786 4337 permanere]
806 4271 831 4320 te
850 4269 914 4322 cdd.
933 4269 1084 4323 Mommsen
1150 4272 1185 4324 22
1204 4270 1327 4337 ignorau-

192 4355 242 4410 tiae
265 4357 293 4410 P
356 4355 453 4408 scissae
476 4357 503 4410 P
566 4357 599 4410 24
626 4356 759 4422 maures
818 4369 947 4422 namquae
971 4355 998 4408 P
1057 4358 1091 4410 25
1118 4356 1274 4424 capisendae
1301 4357 1329 4410 P

191 4444 224 4498 26
241 4441 452 4498 ei-libartatem
471 4443 505 4510 P,
522 4461 572 4498 om.
587 4443 650 4512 Hc,
668 4459 751 4512 poure
768 4443 847 4498 ruscis
865 4443 964 4497 inclusi
1017 4446 1138 4511 possete

1120 4527 1171 4581 11*
