3320 5140
343 473 405 527 XVI
788 472 1029 540 Prolegomena.

342 651 413 715 libri
442 651 514 714 noni
541 667 622 714 nona
650 649 688 713 ad
715 649 866 712 Faustum
894 649 967 713 data
993 650 1147 732 leguntur.
1192 649 1362 713 Riochatus
1393 649 1475 712 enim

344 755 475 820 antistes
508 754 669 818 uolumina
702 754 853 834 quaedam
887 753 995 817 Fausti
1028 754 1066 817 ad
1100 753 1267 817 Britannos
1300 753 1475 835 perlaturus

343 859 493 924 Aruernis
517 861 654 923 moratus
683 878 761 938 esse,
790 855 886 920 dootec
912 857 1054 942 pentina
1077 856 1311 920 concitatarum
1328 854 1476 942 procella

344 961 542 1048 defremeret,
570 962 751 1046 perhibetur
774 961 816 1044 (p.
838 960 908 1042 157,
927 960 966 1025 10
982 961 1041 1046 h).
1088 963 1248 1026 uolumina
1274 961 1329 1026 illa
1354 961 1476 1026 intelle-

325 1069 444 1152 ,gimus
472 1067 567 1131 libros
595 1067 632 1131 de
659 1067 760 1150 gratia
782 1085 854 1130 oum
877 1066 1010 1131 Beronio
1034 1066 1175 1147 aliisque,
1204 1067 1344 1147 atquae
1372 1065 1476 1148 dispu-

342 1166 477 1237 tauimns
494 1173 525 1236 in
542 1172 745 1254 Ilphemeride
762 1171 996 1254 gymnasiorum
1008 1171 1243 1235 austriacorum
1261 1167 1344 1232 1890
1358 1190 1387 1252 p.
1402 1167 1475 1232 292.

343 1279 475 1360 epistula
503 1281 607 1341 antem
634 1279 702 1360 ipsa
730 1276 845 1358 scripta
873 1295 941 1339 esse
968 1275 1091 1340 uidetur
1118 1276 1210 1359 paulo
1238 1279 1310 1340 anto
1334 1275 1475 1339 exsilium

344 1382 458 1447 Sidonii
474 1379 606 1464 (actm,
624 1381 662 1445 cl.
679 1381 870 1444 Mommseni
885 1380 1035 1463 praelatio
1051 1400 1080 1462 p.
1098 1379 1320 1463 XXXXVIII),
1340 1380 1476 1462 primum

343 1487 423 1569 quod
451 1485 593 1551 Sidonius
622 1485 716 1548 etiam
746 1489 813 1549 tum
840 1484 990 1549 Aruernis
1022 1489 1098 1565 erat,
1129 1485 1240 1549 deinde
1271 1485 1351 1567 qnod
1381 1483 1477 1548 uerba

344 1593 381 1655 de
404 1591 544 1675 gentium
568 1591 793 1654 concitatarum
816 1590 952 1672 procella
974 1590 1205 1674 insinuant'agi
1225 1591 1263 1654 de
1286 1589 1476 1671 temporibus

343 1696 426 1760 hand
448 1697 491 1759 ita
514 1696 649 1759 multum
673 1694 711 1758 ab
734 1694 895 1758 Aruernae
918 1694 1004 1758 urbis
1029 1695 1255 1779 expugnatione
1278 1692 1475 1758 distantibus.

446 1799 597 1864 Doctrin'a
612 1800 719 1863 Fausti
740 1800 777 1864 de
798 1800 898 1882 gretia
919 1803 949 1863 et
968 1799 1065 1864 libero
1081 1798 1209 1864 arbitrio
1230 1816 1248 1862 a
1267 1789 1476 1881 compluribus

342 1907 526 1988 impugnata
550 1909 607 1984 est,
636 1922 826 1986 quamquam
850 1923 910 1968 non
939 1904 1112 1984 defuerunt,
1140 1903 1193 1985 qni
1221 1903 1399 1967 defensores
1426 1903 1477 1966 nel

343 2010 447 2093 potins
469 2013 664 2073 excusatores
686 2010 750 2072 eius
772 2009 966 2087 exsisterent,
989 2010 1068 2073 inter
1088 2027 1164 2090 quos
1184 2008 1354 2091 prinoipem
1373 2007 1475 2072 locum

345 2114 465 2178 obtinet
487 2112 678 2196 Stiltingins,
710 2131 802 2194 quem
833 2111 1118 2177 elucubrationibus
1149 2113 1213 2177 suis
1244 2112 1318 2177 mihi
1348 2129 1475 2194 persua-

343 2219 422 2282 sisse
448 2219 556 2282 lateor.
596 2221 689 2300 atque
717 2219 819 2282 locum
848 2217 937 2282 illum
964 2218 996 2282 in
1024 2218 1146 2282 decreto
1175 2215 1292 2282 Gelasii
1322 2217 1346 2280 l.
1377 2234 1475 2300 papae

342 2341 369 2387 a.
398 2321 476 2385 496:
511 2319 668 2406 opuscola
703 2319 822 2383 Fausti
856 2319 1022 2407 Rapienao's
1059 2319 1250 2384 Galliarum
1287 2320 1476 2406 apocrypha

342 2409 473 2512 (blig'ne,
501 2428 617 2491 Patrol.
640 2428 694 2491 lat.
719 2425 839 2490 LVIlIl
863 2425 937 2509 164)
965 2426 1186 2508 interpolatum
1214 2445 1283 2490 esse
1311 2429 1343 2490 et
1369 2429 1477 2508 postea

343 2533 469 2596 demum
498 2531 636 2594 additum
665 2531 737 2595 inde
765 2531 927 2611 euincitur,
955 2531 1047 2613 quod,
1075 2531 1128 2612 qui
1157 2531 1264 2614 paucis
1291 2530 1380 2594 annis
1407 2533 1477 2612 post

342 2637 449 2700 Fausti
481 2636 652 2700 doctrinam
687 2636 951 2719 impugnauernnt
985 2635 1121 2718 episcopi
1151 2639 1182 2699 et
1211 2653 1319 2718 papae,
1354 2634 1477 2698 silentio

342 2742 596 2824 praetermittunt
619 2741 786 2804 anathema
807 2740 894 2820 illud,
919 2741 945 2803 si
969 2740 1015 2802 dis
1038 2740 1149 2822 placet,
1172 2739 1372 2822 pontificale(

386 2845 461 2910 Orta
489 2847 571 2909 enim
602 2845 683 2908 inter
714 2845 881 2908 monachos
913 2843 1070 2927 Scythicos
1101 2862 1182 2908 anno
1212 2844 1276 2908 iere
1306 2840 1371 2906 520
1398 2841 1476 2908 Con-

261 2983 266 2994 ·
342 2949 544 3032 stantinopoli
563 2949 755 3012 dissensione
776 2949 814 3012 de
830 2948 937 3013 Fausti
958 2949 995 3012 de
1015 2949 1117 3031 gratia
1135 2948 1297 3013 sententiis
1313 2949 1477 3012 Possessor

343 3055 504 3137 episcopus
528 3053 695 3117 Africanus
720 3053 988 3136 Constantinopoli
1016 3052 1132 3136 degens
1160 3052 1199 3116 ab
1223 3053 1283 3116 illis
1306 3053 1476 3132 consultus,

342 3177 413 3222 oum
437 3159 502 3222 eins
525 3175 710 3240 responsum
727 3157 835 3222 Fausti
858 3157 1031 3222 doctrinam
1054 3175 1154 3240 neque
1177 3157 1354 3221 damnantis
1377 3175 1476 3238 neque

342 3261 572 3345 comprobantis
604 3280 666 3326 non
697 3262 911 3342 satisfecisset,
943 3262 1063 3326 litteras
1095 3262 1180 3326 dedit
1209 3262 1247 3325 ad
1274 3261 1475 3326 Hormisdam

341 3384 455 3450 papam
473 3370 503 3430 et
520 3367 592 3449 quid
608 3367 674 3450 ipse
691 3367 831 3446 sentiret,
855 3369 890 3430 ut
906 3367 1049 3450 aperiret,
1072 3366 1196 3449 rogauit
1210 3365 1348 3448 (exstant
1362 3366 1477 3430 utrius-

343 3491 403 3554 que
425 3471 547 3536 litterae
572 3471 652 3555 apud
676 3471 794 3553 Migne,
817 3471 933 3535 Patrol.
951 3471 1005 3544 lat.
1022 3469 1126 3534 LXIII
1149 3467 1213 3532 489
1230 3469 1322 3553 squ.
1361 3469 1415 3534 sed
1438 3488 1476 3533 ne
1568 3457 1572 3465 ’

342 3594 423 3659 papa
449 3577 574 3658 quidem
602 3575 752 3638 Faustum
781 3575 952 3656 damnauit,
983 3593 1077 3656 quare
1105 3575 1136 3637 in
1164 3592 1292 3658 grauem
1320 3575 1477 3657 uitupera-

342 3682 458 3745 tionem
487 3679 616 3743 incurrit
643 3677 767 3743 loannis
795 3679 955 3759 Maxentii,
986 3678 1073 3742 ducis
1102 3679 1324 3742 monachorum
1353 3679 1475 3743 illorum

342 3784 566 3868 Scythicorum,
590 3783 642 3865 qui
666 3784 864 3864 responsione
888 3784 925 3847 ad
950 3783 1116 3865 epistulam
1137 3782 1322 3846 Hormisdae
1346 3782 1476 3866 (Migne,

341 3889 424 3953 Patr.
441 3906 552 3972 graeca
574 3887 744 3968 LXXXVI,
764 3885 778 3948 1
804 3907 833 3968 p.
851 3886 906 3971 92)
931 3887 961 3951 in
984 3905 1098 3971 papam
1107 3886 1132 3970 1)
1155 3886 1322 3966 inuehitur,
1347 3887 1475 3968 quodie

342 3995 450 4058 Fausti
481 3992 587 4072 libros,
618 3991 760 4074 quamuis
791 4011 851 4056 non
884 3993 916 4056 in
947 3992 1132 4056 auctoritate
1161 3991 1335 4070 habendae,
1370 3994 1475 4054 tamen

340 4097 487 4182 legendos
516 4096 712 4160 decreuisset.
752 4097 844 4160 simul
874 4097 1027 4160 dotrinam
1053 4095 1161 4160 Fausti
1189 4095 1378 4159 haercticam
1407 4113 1474 4158 esse

384 4340 404 4408 ¹)
427 4339 576 4408 Epistulam
599 4355 651 4391 non
673 4355 728 4390 esse
746 4338 903 4391 Hormisdae
927 4355 1009 4407 papae
1032 4356 1077 4408 per
1101 4335 1295 4406 impudentiam
1319 4337 1395 4389 diruit
1418 4335 1474 4388 Mn-

341 4427 452 4490 xentius,
472 4443 522 4494 qno
541 4425 649 4478 liberius
667 4441 750 4492 papae
770 4425 851 4478 uerba
870 4423 1025 4495 impugnare
1043 4427 1139 4494 posset.
