3290 5152
324 463 389 530 440
826 461 954 516 Ruricii

325 643 361 705 ut
391 639 429 704 ad
458 638 698 723 persoluendum
729 637 818 703 uobis
849 639 1038 720 spontaneae
1067 636 1239 701 denotionis
1269 635 1453 718 obsequium

326 744 421 810 etiam
449 742 480 807 id
509 741 680 807 habeamus
710 742 743 806 in
773 743 868 822 uotis,
898 741 980 824 quod
1010 759 1072 806 non
1101 739 1253 805 habemus
1283 741 1316 804 in
1338 738 1469 815 uerbis,

238 862 247 890 ι
325 851 429 930 itaque
460 847 646 912 salutatione
674 847 810 930 depensa
832 865 894 907 aas
917 846 990 928 quia
1019 847 1144 910 centum
1174 845 1241 928 pira
1270 843 1455 910 sublimitati

327 955 460 1032 uestrae,
483 951 545 1016 alia
566 955 693 1016 eentum
715 950 798 1016 filiae
821 967 908 1014 meae
931 949 1085 1016 destinare
1106 949 1311 1034 praesumpsi,
1334 967 1415 1032 qnae
1430 949 1457 1014 si

288 1087 302 1126 s
326 1057 458 1122 fortasse
489 1056 702 1140 displicuerint
725 1056 842 1138 saporis
864 1059 970 1139 gustu,
999 1053 1176 1139 placebunt,
1206 1059 1241 1119 ut
1263 1053 1456 1134 confidimns,

327 1161 569 1226 transmittentis
591 1159 714 1225 affectu.

843 1281 940 1346 LXII.

575 1442 719 1486 nummus
741 1442 906 1486 muscosus
928 1442 1042 1484 naarai
1064 1442 1213 1485 namuro.

369 1575 476 1644 Saluto
491 1577 662 1661 plurimum
678 1581 710 1642 et
725 1595 824 1661 spero,
839 1581 884 1658 ut,
901 1577 926 1640 si
942 1577 1076 1642 secundo
1088 1577 1223 1642 crastino
1235 1594 1298 1642 non
1309 1577 1458 1659 potueris,

277 1711 302 1749 ιο
328 1683 379 1747 uel
409 1681 502 1746 tertia
531 1681 609 1746 feria
638 1681 678 1744 ad
704 1699 760 1746 nos
788 1682 892 1746 nenne
923 1681 1069 1766 digneris,
1099 1681 1173 1763 quia
1202 1680 1355 1746 desiderio
1386 1685 1458 1746 tuae

328 1786 468 1852 caritatis
498 1786 619 1851 accensi
649 1789 681 1850 et
702 1803 758 1850 nos
781 1785 913 1850 dicimus
936 1803 1008 1850 cum
1030 1785 1196 1870 propheta:
1227 1785 1350 1850 anima
1379 1803 1459 1850 mea

329 1892 426 1956 sicut
447 1894 548 1956 terra
570 1892 649 1955 sine
672 1907 766 1973 aqua
787 1889 866 1954 tibi.
911 1889 1051 1954 deiecit
1073 1889 1228 1974 spiritus
1255 1907 1367 1954 maus.
1415 1909 1458 1955 ue

329 1999 478 2060 apertas
509 1995 642 2060 taciem
674 1999 794 2060 tuam·
828 2011 868 2058 ne
897 1994 1027 2059 moreris
1055 1994 1236 2075 aduentum,
1265 1997 1300 2058 ut
1326 1995 1459 2078 pectoris

328 2099 437 2180 nostri,
460 2117 553 2182 quem
576 2099 665 2183 parui
687 2098 836 2182 temporis
859 2098 969 2163 solatio
993 2099 1178 2180 suscitastis,
1202 2098 1390 2182 extinguatis
1412 2098 1460 2162 in·

278 2203 480 2270 1scendium.

838 2323 952 2388 LXIII.

567 2483 711 2528 reuinctus
733 2483 899 2526 nnlscoi’us
921 2483 1005 2525 Pinio
1027 2484 1219 2528 munditiem.

373 2619 496 2687 Gratias
530 2637 588 2704 ago
622 2619 879 2704 dignantissimae
914 2637 989 2704 erga
1020 2637 1071 2684 me
1105 2619 1291 2686 sublimitati
1325 2625 1459 2703 uestrae,

330 2725 413 2809 quod
442 2741 499 2789 nos
529 2723 567 2788 de
597 2722 718 2788 actibus
748 2725 840 2806 atque
868 2723 1081 2788 incolumitate
1113 2727 1227 2806 nestra,
1258 2743 1335 2807 quos
1362 2727 1460 2792 nostis

279 2855 305 2894 ιο
331 2829 387 2894 deo
417 2827 549 2912 propitio
578 2845 633 2910 pro
656 2827 862 2892 amicitiarum
884 2827 952 2892 iure
974 2827 1131 2910 sollicitos,
1161 2827 1263 2894 tacitis
1284 2829 1460 2895 litterarum

331 2932 496 2998 sedulitate
519 2948 653 2996 securos.
686 2931 769 2996 unde
787 2931 836 2996 his
851 2932 1043 3016 reciprocum
1058 2931 1152 2996 reddo
1167 2931 1321 2998 nobilitati
1337 2939 1460 2999 uestrae

331 3035 526 3102 salutationis
556 3033 692 3100 officium
723 3039 755 3101 et
784 3053 834 3100 me
863 3035 921 3100 has
943 3036 981 3100 de
1003 3035 1178 3101 Decaniaco
1201 3037 1238 3100 ad
1261 3053 1317 3101 uos
1341 3037 1462 3103 dedisse

332 3137 470 3225 significo
497 3157 661 3222 meamque
683 3139 772 3204 uobis
802 3139 909 3205 fanore
939 3139 1121 3222 diuinitatis,
1152 3158 1246 3224 quam
1275 3141 1365 3206 uobis
1395 3143 1462 3226 pla·

332 3263 401 3310 cere
418 3242 547 3324 confido,
570 3243 710 3308 indicans
734 3244 917 3328 sospitatem
940 3244 1113 3328 praestabit
1135 3244 1288 3326 dominus,
1311 3249 1348 3310 ut
1371 3247 1462 3312 citius

280 3374 305 3414 a
331 3349 404 3414 hinc
426 3367 586 3433 regressus
609 3347 721 3412 uestris
744 3366 864 3413 merear
886 3347 1045 3414 obtutibus
1068 3349 1270 3434 praesentari,
1300 3353 1346 3431 ut,
1374 3351 1461 3416 cuius

331 3453 526 3538 benignitate
554 3455 659 3518 uesta
679 3453 831 3518 Incitestis
854 3453 1052 3536 desiderium,
1079 3453 1198 3519 uisione
1221 3453 1395 3520 sollicitetis
1418 3455 1462 3520 ai·

332 3558 362 3624 ie
381 3561 459 3623 tum.

437 3685 481 3756 11]
499 3682 598 3740 Pselm.
613 3685 671 3750 142,
683 3687 706 3740 e.

375 3803 392 3856 2
409 3799 497 3854 uerbis
515 3816 540 3866 o,
558 3796 639 3852 uerba
657 3797 681 3856 S
730 3800 747 3855 3
765 3799 892 3855 maetam
909 3799 1045 3857 iadr'cccit
1062 3799 1123 3868 Kr.,
1141 3798 1261 3868 significo
1278 3800 1368 3870 coppi.
1381 3801 1461 3856 Latet·

329 3889 444 3958 jobcao,
466 3885 602 3940 habemus.
629 3885 663 3940 In
680 3883 763 3940 uerba
779 3885 869 3955 itaque
886 3885 1046 3941 salutatione
1064 3885 1177 3956 depensa
1194 3888 1263 3943 coni.
1280 3887 1463 3944 Memnocones

332 3991 396 4044 pera
419 3975 447 4042 S,
470 3991 581 4031 coreo
649 3971 863 4030 idistinares
929 3971 1203 4042 5displicuerentS
1273 3977 1305 4030 10
1332 3974 1464 4030 tercias

334 4063 367 4118 13
384 4061 498 4130 pectoris
515 4079 539 4127 o,
556 4060 673 4130 peccaris
686 4061 716 4130 S,
734 4078 772 4116 cn
788 4060 933 4130 peccatoris
950 4062 994 4116 uel
1010 4061 1155 4130 peccatoris
1166 4060 1280 4130 pectoris
1292 4061 1351 4118 coti.
1360 4079 1391 4131 p.
1403 4064 1461 4129 172,

333 4147 720 4215 &mammaemammal
773 4149 806 4204 14
818 4145 916 4216 quode
962 4145 1308 4216 incendiumlfinitudd.S
1362 4150 1393 4202 17
1406 4147 1462 4201 vit

334 4237 473 4288 tamenoo
526 4236 558 4290 19
576 4233 794 4290 incolomItateS
845 4235 878 4290 20
895 4233 1006 4290 iun-aeri
1056 4231 1223 4290 solllcitusS
1270 4235 1302 4289 21
1323 4233 1464 4290 securusS

334 4321 367 4376 22
380 4317 533 4375 offitium&
582 4322 616 4376 23
629 4320 1016 4391 meamquoquehaetp'otcaa
1068 4335 1147 4389 quam
1160 4319 1271 4390 nobiae,
1290 4319 1465 4390 quamuosS

334 4407 368 4466 26
387 4403 517 4460 desideria
536 4405 566 4474 S,
584 4404 713 4460 desideria
730 4424 746 4464 o
