3244 5130
298 408 362 474 200
709 407 759 462 111.
780 407 931 478 Epistula
949 411 1024 463 6-7.

297 584 357 648 hoc
379 585 595 668 adsurgamns,
626 583 707 666 qnod
732 603 800 649 esse
824 583 985 665 debemus,
1008 585 1093 667 prius
1119 583 1301 648 studeamus
1324 585 1434 664 odisse,

298 689 380 771 quod
396 689 522 752 immas.
561 693 691 772 oportet,
711 693 747 753 nt
769 690 818 754 hic
840 689 925 773 prius
950 693 1088 754 mutetur
1111 689 1149 752 ed
1172 690 1282 770 uitam,
1305 689 1358 771 qni
1373 689 1435 754 illic

298 793 411 858 mntari
434 795 522 876 optet
545 793 584 856 ad
606 794 748 877 gloriam.

831 967 901 1031 VII.

262 1116 275 1156 5
301 1110 421 1151 DOMINO
452 1109 571 1152 SANOTO
601 1112 641 1151 m*
670 1111 703 1152 IN
733 1110 865 1152 cnmsuo
895 1110 1138 1154 nnunscmssnso
1168 1111 1283 1152 suanm
1313 1110 1436 1152 GRAECO

713 1197 850 1239 mucoso
873 1198 1022 1240 FAUS'PUS.

343 1315 523 1379 Honoratus
547 1314 649 1380 officio
673 1318 736 1394 tuo,
767 1315 937 1378 honoratus
960 1315 1084 1395 iudicio,
1114 1319 1300 1398 prouocatus
1327 1314 1438 1380 affeetu

297 1422 407 1503 loquar
430 1422 535 1483 tecum
558 1419 590 1483 in
617 1418 792 1482 humilitate
824 1419 954 1499 sincera,
985 1419 1018 1483 in
1047 1419 1192 1483 libertate
1221 1418 1376 1498 beniuole,
1407 1420 1438 1483 in

300 1525 429 1589 caritate
460 1541 521 1587 non
554 1523 637 1602 ficta,
667 1523 700 1586 in
732 1522 826 1587 uerbo
857 1523 1008 1587 ueritatis
1055 1526 1085 1586 et
1114 1523 1188 1587 licet
1217 1523 1294 1586 mihi
1317 1523 1439 1587 meandi

249 1655 274 1692 ιο
300 1646 428 1693 cansam
450 1627 586 1691 indicere
609 1627 757 1710 potueris,
780 1627 854 1690 dum
877 1627 1014 1710 benigno
1035 1645 1070 1691 ac
1085 1627 1180 1691 nimis
1195 1628 1320 1692 crednlo
1336 1628 1439 1692 animo

299 1736 424 1798 tantum
445 1750 543 1814 paene
559 1731 636 1795 milri
651 1734 805 1812 quantum
821 1729 877 1794 tibi
892 1731 1020 1813 peritiae
1037 1731 1264 1796 circmcisionis
1285 1731 1438 1816 indulges

300 1841 407 1901 tamen
429 1855 485 1917 per
508 1835 720 1918 interrogandi
744 1834 986 1899 sollicitudinem
1013 1835 1178 1918 inposuisti
1205 1835 1283 1899 mihi
1311 1853 1440 1918 respon·

300 1940 393 2004 dendi
409 1940 638 2019 necessitatem,
662 1957 723 2021 qua
742 1957 814 2002 cum
835 1939 964 2002 absente
980 1957 1044 2003 non
1060 1939 1127 2004 sine
1143 1939 1347 2022 trepidatione
1363 1939 1439 2004 milri

301 2045 432 2108 aestimo
455 2043 713 2126 conloquendum,
743 2043 816 2124 quia
839 2043 875 2106 de
898 2042 992 2106 rebus
1016 2047 1081 2108 tam
1112 2043 1273 2126 profundis
1300 2049 1331 2108 et
1353 2063 1439 2108 meas

250 2173 274 2212 η
302 2167 337 2212 ae
360 2151 431 2212 tuas
453 2147 535 2211 uires
559 2147 778 2212 excedentibus
803 2165 865 2211 non
888 2148 992 2212 minus
1023 2149 1152 2230 periculi
1175 2152 1224 2212 est
1253 2149 1439 2230 respondere

301 2270 396 2334 quam
419 2252 576 2316 incondito
600 2252 672 2316 stilo
696 2252 836 2335 ingentia
858 2257 1056 2316 sacramenta
1079 2253 1283 2332 committere,
1315 2257 1347 2316 et
1372 2253 1439 2316 ideo

301 2375 409 2421 cerum
432 2375 538 2420 meum
560 2357 592 2420 in
608 2356 668 2436 his,
693 2375 770 2438 quae
787 2357 879 2420 nimis
895 2359 1012 2420 temere
1028 2357 1166 2438 protulit,
1190 2355 1320 2420 tacendo
1340 2357 1440 2440 magis

301 2461 455 2545 castigare
479 2460 666 2525 debuissem.
704 2461 736 2524 in
759 2464 866 2524 tentae
882 2465 989 2526 autem
1004 2461 1049 2524 rei
1065 2460 1302 2540 consultatione,
1325 2461 1358 2525 in
1381 2478 1442 2542 qna

300 2567 393 2650 longe
414 2567 500 2630 uiam
523 2565 640 2649 regiam
664 2565 827 2646 reliquisti,
858 2565 976 2647 aliquos
1007 2569 1151 2647 expertae
1181 2565 1329 2629 scientiae
1357 2565 1440 2629 uiros

250 2696 275 2734 ro
303 2669 474 2734 eruditione
497 2673 591 2752 atque
614 2673 716 2733 aetate
740 2670 888 2748 seniores,
912 2669 1025 2750 quibus
1049 2669 1172 2733 credere
1192 2668 1313 2732 facilius
1329 2669 1440 2751 possis,

302 2775 493 2859 interrogare
517 2775 667 2838 debueras
692 2775 864 2838 secundum
887 2774 964 2838 illud
985 2774 1217 2857 propheticum:
1247 2772 1441 2857 interroga

301 2882 445 2960 patrem
469 2883 571 2944 tuum
596 2882 631 2942 et
653 2877 839 2942 indicabit
862 2879 946 2958 tibi,
971 2878 1139 2942 seniores
1159 2881 1242 2942 tuos
1263 2881 1298 2942 et
1317 2877 1442 2942 dicent

406 3059 452 3128 21]
472 3059 549 3112 Dent.
564 3061 606 3122 32,
619 3062 642 3114 7.

405 3225 423 3277 4
441 3222 474 3276 cl.
490 3221 607 3277 Gennad.
622 3222 654 3276 de
673 3225 721 3276 uir.
736 3223 773 3278 ill.
787 3240 809 3276 a.
822 3221 970 3276 LXXXVI:
989 3227 1029 3276 est
1046 3227 1073 3276 et
1091 3223 1146 3276 eius
1165 3222 1281 3292 epistula
1293 3223 1320 3276 in
1333 3221 1442 3277 modum

302 3310 386 3364 libelli
406 3308 440 3362 ad
459 3309 600 3362 diaconum
619 3308 752 3377 quendem
772 3309 903 3364 Graecum
923 3309 1029 3363 nomine
1047 3308 1126 3374 edite,
1145 3309 1190 3377 qui
1209 3326 1224 3362 a
1242 3309 1295 3363 fide
1315 3309 1445 3364 catholica

304 3396 441 3451 discedens
459 3395 493 3448 ad
506 3395 694 3450 Nestorianam
715 3396 782 3450 abiit
799 3396 972 3466 impietatem.
992 3395 1019 3448 in
1038 3413 1091 3464 qua
1108 3395 1221 3464 epistula
1239 3395 1366 3450 admonet
1383 3412 1444 3450 eum

304 3483 409 3538 credere
436 3485 555 3536 sanctam
577 3482 690 3536 Mariam
713 3483 846 3552 uirginem
873 3499 926 3536 non
953 3483 1088 3536 hominem
1116 3500 1214 3552 purum
1241 3483 1371 3551 genuisse,
1399 3482 1444 3552 qui

303 3575 395 3640 postea
412 3570 558 3639 susciperet
578 3569 756 3632 diuinitatem,
776 3569 822 3623 sed
842 3569 921 3622 deum
940 3585 1035 3623 uerum
1053 3569 1081 3622 in
1098 3569 1206 3622 homine
1224 3585 1295 3624 uero.

347 3745 534 3815 3mutareQ
621 3744 746 3814 gloriam]
770 3745 877 3815 explicit
894 3745 958 3800 add.
982 3745 1004 3814 Q
1091 3744 1246 3799 lLXXIII
1271 3745 1302 3814 Q,
1324 3745 1444 3800 eiusdem

304 3832 396 3886 Fausti
425 3823 583 3901 Rh'egiensis
611 3830 758 3886 Galliarum
789 3831 903 3901 episcopi
933 3835 1025 3885 eontra
1053 3832 1207 3886 Nestorium
1238 3831 1272 3885 ad
1300 3831 1330 3887 G.
1355 3831 1444 3886 diaco·

304 3936 368 3972 num
391 3920 455 3974 add.
479 3937 494 3974 o
574 3922 589 3974 5
613 3917 695 3971 fratre
723 3917 746 3986 Q
824 3935 901 3987 greco
927 3920 954 3986 S,
982 3935 1063 3986 grego
1090 3919 1120 3988 Q,
1144 3919 1228 3974 Grato
1249 3921 1294 3974 uel
1316 3919 1444 3988 Gregorio

303 4007 348 4060 acl
370 4005 471 4061 Graeco
494 4025 510 4060 c
580 4008 595 4060 7
620 4005 696 4058 affdsu
722 4006 744 4060 S
813 4007 829 4060 8
852 4003 976 4058 beniuole
1000 4007 1022 4060 S
1093 4008 1125 4061 lo
1149 4023 1180 4060 ac
1203 4007 1293 4075 nimis]
1317 4006 1400 4060 semis
1425 4008 1448 4062 S

306 4095 336 4148 11
355 4109 423 4163 pene
438 4094 465 4160 S,
478 4109 605 4161 poenaes
658 4092 801 4160 quantum]
821 4091 849 4144 in
862 4107 932 4158 quan
947 4093 970 4147 S
1021 4092 1179 4146 erudicionis
1194 4095 1223 4160 S,
1242 4093 1405 4146 eruditiones
1423 4094 1445 4162 Q

307 4181 339 4234 12
358 4183 428 4232 tame
449 4179 477 4246 S,
497 4177 597 4247 tamQ
663 4181 696 4234 13
714 4179 806 4246 queS
872 4181 902 4232 15
922 4177 1145 4234 excidentibusS
1216 4181 1248 4234 16
1266 4179 1447 4234 comittens

307 4266 339 4319 19
357 4268 461 4332 experte
475 4265 498 4319 S
547 4248 1030 4334 21lljllintcrrogarssurianam)
1082 4265 1313 4336 prophetecumS
1363 4265 1444 4320 iuter-

306 4351 388 4422 rogalll
407 4351 430 4406 S
446 4355 483 4420 (re
501 4353 619 4422 erasum)
