3320 5140
339 440 412 494 XXX
786 440 1028 508 Prolegomena.

339 637 374 680 ex
402 617 542 680 codicum
570 617 753 682 auctoritate
785 622 852 680 turn
883 637 919 680 ex
949 617 1072 680 dicendi
1099 637 1212 699 genere
1239 617 1271 679 in
1299 632 1334 679 eo
1362 616 1476 680 usitato

339 721 624 786 demonstrauimus
655 722 687 784 in
717 722 973 785 commentariolo
1004 721 1041 784 de
1073 721 1155 784 neuls
1191 724 1224 784 et
1257 719 1337 784 fictis
1369 719 1477 784 Fausti

338 827 461 908 scriptis
478 826 622 910 (them.
635 845 742 910 gymn.
756 829 851 890 austr.
868 823 951 888 1890
966 846 996 908 p.
1013 823 1090 907 293)
1107 843 1274 907 eorumque
1291 828 1478 908 argumenta

338 930 618 1011 corroborauimus,
646 931 698 1013 qui
721 930 817 994 libros
841 930 878 992 de
901 931 1003 1014 gratia
1025 929 1186 994 Sidonium
1209 929 1391 1012 intellegere
1414 930 1475 992 iam

338 1035 456 1098 dudum
478 1036 634 1099 uiderunt.

381 1139 498 1203 Eodem
515 1139 582 1203 loco
598 1139 818 1218 Baeumerum,
842 1139 897 1220 qui
913 1140 1047 1202 alterum
1063 1156 1185 1220 quoque
1201 1139 1386 1221 opusculum
1402 1154 1477 1202 ano-

337 1261 477 1325 nymum,
501 1243 584 1325 quod
603 1243 784 1308 inscribitur
799 1240 1021 1304 Breuiarium
1035 1239 1121 1324 fidei
1144 1239 1305 1304 aduersus
1320 1239 1475 1317 Arianos,

337 1347 496 1410 uindicare
519 1347 635 1412 Fausto
658 1346 854 1431 Stiltingium
881 1351 1006 1412 secutus
1034 1347 1161 1426 studuit,
1191 1349 1223 1410 et
1245 1346 1476 1410 Ferdinandum

338 1449 462 1531 Cabrol,
487 1451 540 1532 qui
562 1450 678 1515 librum
700 1451 951 1515 testimoniorum
973 1449 1047 1514 fidei
1070 1454 1179 1515 contra
1193 1450 1374 1514 Donatistae
1396 1451 1475 1515 salso

336 1553 513 1638 Augustino
537 1556 708 1637 ascriptum
731 1555 839 1620 Fausti
863 1575 930 1620 esse
953 1556 1064 1635 uoluit,
1091 1554 1202 1637 quibus
1227 1555 1264 1618 de
1288 1555 1476 1637 quaestioni-

336 1659 395 1722 bus
420 1659 627 1740 oonlerantur,
652 1678 730 1742 quae
753 1679 847 1743 supra
869 1680 899 1743 p.
916 1660 1024 1724 XVIII
1041 1659 1186 1741 diximus,
1209 1660 1475 1744 impugnauimus.

379 1763 416 1826 In
433 1764 577 1845 epistula,
601 1781 696 1846 quam
713 1764 797 1828 dedit
813 1764 987 1847 Dynaqus
1003 1764 1163 1847 putridius,
1184 1764 1237 1846 qui
1252 1764 1352 1828 uitam
1368 1783 1392 1828 s.
1406 1763 1477 1828 Ma-

335 1867 411 1930 ximi
433 1867 575 1932 Reiensis
605 1868 797 1950 conseripsit,
829 1867 868 1932 ad
891 1867 1051 1947 Urbicum,
1083 1868 1137 1948 qui
1164 1868 1287 1931 saeculo
1314 1867 1379 1932 lere
1406 1870 1477 1951 post

335 1971 487 2035 Faustum
521 1973 552 2036 in
583 1972 795 2054 episcopatum
826 1973 991 2036 Reiensem
1023 1972 1188 2051 successit,
1222 1973 1298 2035 haec
1328 1973 1476 2056 leguntur

336 2074 468 2157 (Surius,
498 2077 546 2139 De
569 2075 707 2157 probatis
731 2079 909 2140 sanctorum
937 2076 1084 2156 historiIs,
1113 2075 1260 2140 Coloniae
1282 2075 1475 2160 Agrippinae

338 2177 431 2260 1581,
454 2180 499 2243 VI
522 2178 613 2263 647);
641 2189 754 2242 uetera
777 2201 836 2242 uos
858 2179 963 2265 igilur
986 2180 1177 2242 abaciacum
1199 2177 1358 2241 iudicasti
1385 2181 1475 2264 (scri-

336 2283 473 2348 bendum
501 2282 688 2368 iudicastis)
716 2282 897 2347 redoluisse
925 2282 1110 2360 uolumina,
1142 2284 1178 2346 iu
1206 2305 1301 2368 quae,
1329 2283 1410 2368 quid
1437 2305 1475 2346 eu

335 2387 407 2450 eius
431 2387 509 2469 (scil.
527 2389 671 2470 Maximi)
695 2385 848 2472 operibus
873 2387 1050 2450 beatissimi
1068 2387 1186 2450 Fausti
1207 2387 1366 2450 antistitis
1377 2409 1475 2473 prae-

334 2493 509 2557 decessoris
543 2495 648 2558 uestri
681 2493 832 2558 sollertia
868 2494 988 2557 deuota
1021 2493 1209 2581 collegerat:
1246 2493 1333 2558 unde
1362 2515 1474 2579 pauca

334 2620 430 2662 sensu
448 2600 562 2684 potius
585 2621 682 2685 quum
704 2597 819 2662 obtutu
834 2599 896 2662 uisu
912 2599 1094 2662 discernere
1105 2599 1274 2684 potuistis.
1312 2619 1387 2660 uam
1399 2597 1474 2684 plu·

334 2703 420 2766 rimu
451 2702 598 2766 aemulae
629 2703 802 2766 uetustatis
833 2686 977 2767 edacitas
1004 2712 1255 2787 coneunspserat,
1286 2725 1368 2788 quae
1398 2701 1474 2766 luta·

335 2807 421 2870 baut.
445 2807 531 2892 quod
552 2808 621 2871 nisi
642 2807 841 2893 scriptorum
864 2829 1007 2870 meorum
1029 2808 1113 2870 serie
1135 2817 1284 2870 aeternae
1304 2808 1474 2871 mansoriae

335 2912 547 2976 truderentur
564 2933 677 2998 pauca
701 2911 738 2976 de
757 2911 927 2996 pluribus,
950 2912 1033 2975 satis
1057 2934 1121 2976 ease
1137 2912 1278 2997 impium
1293 2913 1471 2976 amuletis.

334 3039 350 3080 e
382 3016 492 3098 quibus
524 3018 629 3081 uerbis
659 3018 737 3082 satis
769 3017 920 3100 corruptis
952 3019 1078 3099 quidam
1109 3017 1166 3081 uiri
1197 3017 1280 3082 docti
1310 3019 1473 3102 collegisse

334 3122 488 3185 Faustum
511 3125 718 3186 monumenta
744 3122 784 3185 ad
811 3122 1008 3186 scribendam
1031 3141 1055 3186 s.
1073 3121 1204 3186 Maximi
1232 3122 1403 3188 decessoris
1426 3123 1474 3187 sui

333 3228 431 3289 uitam
455 3226 654 3289 coniecerunt
675 3245 771 3308 eaque
787 3227 884 3308 potita
900 3245 968 3289 esse
985 3227 1127 3308 sequenti
1144 3228 1267 3290 saeculo
1283 3245 1302 3291 a
1318 3227 1473 3310 Dynamio

333 3329 465 3394 Maximi
487 3331 586 3395 uitam
610 3331 762 3413 scripturo
786 3330 840 3394 sed
863 3329 994 3394 inuenta
1016 3349 1085 3394 esse
1102 3330 1140 3394 ab
1159 3330 1273 3395 Urbieo
1289 3333 1474 3414 consumpta

333 3433 482 3498 ablattis
514 3437 569 3498 aut
598 3435 727 3516 puluere
758 3438 911 3516 corrupta.
952 3435 1065 3517 quibus
1097 3431 1274 3517 obloquitur
1297 3435 1472 3519 Stiltingius

333 3544 365 3603 et
388 3539 484 3603 uerba
501 3560 614 3623 pauca
638 3543 669 3602 et
687 3536 842 3622 plurima
864 3537 1010 3602 aemulae
1033 3539 1206 3602 uetustatis
1234 3538 1379 3602 edacitas
1403 3560 1472 3602 con-

331 3652 514 3727 sumpserat
537 3643 575 3707 de
598 3643 695 3726 gestis
716 3643 855 3725 Maximi,
879 3663 941 3708 non
965 3644 1002 3708 de
1026 3645 1150 3726 scriptis
1167 3645 1275 3708 Fausti
1298 3645 1471 3710 dictasses

333 3746 509 3812 arbitratur.
555 3747 694 3829 potuisse
724 3751 830 3812 autem
859 3767 959 3831 pauca
990 3752 1115 3813 tautum
1146 3749 1183 3812 de
1214 3750 1311 3832 gestIs
1341 3748 1472 3814 Maximi

332 3851 478 3934 colligere
506 3850 667 3932 Urbicum,
698 3853 780 3934 quod
811 3852 946 3918 Faustus
975 3871 1075 3934 pauca
1105 3856 1231 3918 tantum
1262 3853 1299 3918 de
1329 3851 1423 3918 rebus
1454 3871 1473 3916 a

332 3955 471 4020 MaxImo
494 3956 591 4039 gestis
615 3956 648 4020 iu
678 3957 796 4038 aliquot
825 3957 961 4021 homiliis
993 3956 1131 4021 breuiter
1160 3957 1406 4039 perstrinxisset;
1441 3961 1472 4021 et

332 4078 407 4124 sane
436 4063 537 4124 exstat
564 4059 694 4124 homilia
720 4060 826 4125 Fausti
855 4062 892 4125 de
921 4081 945 4124 s.
966 4061 1104 4126 Maximo
1133 4062 1276 4144 episeopo
1304 4065 1335 4125 et
1358 4061 1471 4126 abbate

331 4164 412 4227 inter
441 4163 774 4229 Pseudo-Eusebianos
805 4165 970 4230 XXXIIII.
1016 4168 1147 4247 utraque
1178 4169 1285 4230 autem
1316 4167 1471 4231 sententia

333 4267 526 4348 aliquantum
549 4286 567 4332 a
589 4286 663 4332 uero
686 4268 851 4333 abhorrere
879 4269 956 4333 mihi
982 4269 1114 4334 uidetur.
1161 4270 1269 4354 negari
1296 4271 1381 4336 enim
1408 4288 1469 4334 non

330 4375 433 4454 potest
456 4373 505 4455 agi
528 4373 566 4436 de
589 4372 768 4437 chartarum
792 4373 1004 4438 uoluminibus
1027 4376 1190 4438 uetustate
1213 4376 1375 4458 corruptis,
1399 4393 1468 4438 eum
