3264 5134
723 472 819 526 Liber
837 473 850 526 Ι
871 477 892 528 1.
1339 475 1373 536 ll

240 649 365 712 initium
389 650 491 730 ducet,
523 667 584 713 non
612 650 711 732 possit
734 650 858 733 agnosci
887 667 922 712 ac
945 649 989 712 sic
1012 648 1140 712 liberius
1164 647 1307 712 adfirmet
1330 648 1378 712 in-

238 755 341 816 fantes
365 773 444 817 nexu
461 753 588 837 originis
613 772 673 818 non
697 754 806 817 teneri.
838 754 1005 834 quodcum
1023 753 1107 832 dicit,
1132 753 1245 833 duplici
1268 753 1378 835 impie-

238 861 303 922 tate
326 859 533 940 blasphemat,
557 859 677 922 dumet
701 863 834 922 mortem
858 858 896 921 ad
921 859 1053 921 auctoris
1076 858 1228 920 inuidiam
1252 861 1376 922 reuocat

239 967 269 1026 ot
302 963 442 1046 negando
474 963 624 1046 originale
659 963 817 1026 uinculum
852 963 986 1045 gratiam
1017 961 1202 1045 reparatoris
1237 965 1375 1025 ouacuat.

240 1067 343 1148 itaque
370 1071 404 1130 ut
431 1071 537 1149 posset
560 1085 698 1130 asserere
721 1067 868 1149 paruulos
891 1065 1049 1149 baptismo
1073 1083 1134 1129 non
1158 1085 1258 1148 egere,
1282 1083 1377 1148 gene·
1416 1088 1429 1126 s

238 1171 302 1234 rale
331 1174 494 1252 peccatum
523 1171 659 1254 negauit.
698 1188 759 1252 quo
787 1173 900 1253 negato
928 1170 976 1233 hio
1004 1170 1077 1233 ordo
1101 1169 1211 1234 erroris
1235 1169 1284 1232 sui
1307 1169 1376 1249 fuit,

239 1280 284 1354 ut,
308 1275 390 1338 unde
406 1291 490 1338 mors
506 1277 590 1338 esset
604 1277 763 1358 generata,
787 1275 927 1338 nesciret.
958 1273 1030 1356 quid
1048 1275 1162 1338 mirum
1185 1273 1212 1336 si
1235 1272 1376 1336 arborem

239 1379 327 1443 illam
350 1380 381 1442 in
406 1378 557 1443 lmctibus
582 1397 643 1442 non
667 1382 825 1462 agnoscat,
849 1396 944 1460 quam
967 1378 1067 1442 noluit
1088 1379 1119 1441 in
1142 1378 1245 1440 radice
1265 1395 1377 1460 cogno-

239 1486 346 1547 scere?
381 1483 632 1565 qnandoquidem
657 1501 784 1546 causam
808 1483 947 1546 uulneris
972 1481 1137 1566 subprimit
1159 1486 1190 1544 et
1213 1481 1377 1546 abscondit

223 1587 386 1672 gladium,
401 1605 461 1668 quo
474 1587 588 1650 uulnus
601 1587 754 1650 indictum
768 1591 823 1651 est.
846 1587 1087 1670 stipendium,
1105 1587 1216 1668 inquit,
1232 1586 1376 1670 peccati
1406 1609 1429 1647 ro

239 1711 344 1756 mors.
377 1691 450 1774 quia
469 1693 649 1775 intellegere
666 1692 801 1775 neglexit
817 1691 896 1755 tanti
912 1691 1083 1774 prinoipem
1100 1691 1185 1770 mali,
1206 1690 1273 1754 idco
1289 1691 1376 1774 igno-

158 1811 165 1824 ·
238 1797 319 1860 ranit
339 1797 507 1879 inpositam
524 1795 632 1860 mortis
649 1795 856 1860 conditionem
879 1795 1079 1878 pedisequam
1096 1813 1163 1858 esso
1187 1795 1315 1877 peccati,
1339 1795 1376 1858 do

238 1918 300 1983 qua
322 1900 453 1982 praefat-i
476 1919 599 1963 sumus:
623 1899 853 1982 stipendium
875 1900 1021 1982 peccati
1043 1916 1149 1962 mors.
1185 1899 1312 1982 dignam
1329 1918 1377 1962 se-

237 2003 375 2068 cundum
398 2004 460 2068 tale
477 2021 553 2086 opus
570 2003 746 2067 mercedem
762 2003 887 2086 recepit,
912 2004 973 2067 tale
989 2003 1179 2086 stipendium
1195 2003 1309 2067 meruit
1324 2001 1376 2084 qui

238 2108 361 2172 diabolo
378 2108 531 2171 militarit.
561 2107 642 2171 unde
660 2125 715 2171 uas
732 2108 890 2171 electionis
912 2108 1144 2172 euidentissime
1160 2109 1312 2172 rationem
1327 2126 1375 2170 re·
1405 2129 1428 2168 rs

237 2213 426 2295 demptionis
449 2211 584 2276 ostendit
607 2215 637 2275 et
652 2211 810 2293 praedicat
826 2211 945 2274 dicens:
970 2211 1054 2292 quid
1079 2212 1190 2290 enim,
1213 2229 1293 2274 cum
1319 2211 1376 2274 ad·

236 2317 307 2380 huc
331 2316 473 2380 infirmi
490 2335 670 2394 essemus
694 2315 865 2380 Christus
882 2333 947 2398 pro
963 2315 1090 2396 impiis
1114 2320 1281 2380 mortuus
1298 2319 1375 2379 est?

237 2420 298 2484 nix
322 2420 417 2483 enim
441 2438 505 2502 pro
528 2420 627 2484 iusto
652 2419 733 2501 quis
758 2420 922 2484 moritur.
958 2419 1016 2483 hoc
1032 2420 1210 2483 estdicerc:
1235 2419 1261 2482 si
1277 2417 1376 2483 abun-

236 2525 342 2588 dasset
358 2524 390 2586 in
406 2524 497 2587 terris
513 2523 644 2603 iustitia,
662 2542 722 2588 non
739 2523 850 2587 luisset
867 2543 882 2586 e
900 2524 994 2587 caelis
1011 2523 1196 2586 transmissa
1212 2524 1374 2588 medicina.

236 2629 292 2692 sed
316 2631 351 2691 ut
374 2627 536 2691 adueniret
560 2628 652 2691 unica
675 2628 804 2706 sanitae,
827 2628 981 2710 generalis
1006 2629 1107 2711 exegit
1130 2628 1304 2692 infirmitas.
1402 2650 1427 2688 ao

284 2733 368 2797 lnter
388 2733 464 2796 haec
485 2751 556 2796 cum
576 2732 722 2815 Pelagius
739 2733 835 2795 tantis
857 2733 1089 2816 sacrilegiorum
1111 2733 1244 2796 uinculis
1266 2735 1376 2816 inlige-

236 2845 299 2916 tur,
328 2855 389 2900 non
418 2837 531 2900 mirum
560 2837 586 2899 si
613 2856 668 2920 pcr
693 2835 858 2919 reprobum
887 2856 1015 2900 sensum
1045 2837 1208 2920 multiplici
1236 2839 1375 2902 tradatur

236 2943 343 3020 errori,
367 2941 420 3022 qui
444 2960 555 3022 seper
579 2941 679 3004 solum
703 2940 842 3005 laborem
868 2943 958 3023 putat
980 2959 1071 3024 posse
1094 2943 1218 3006 saluari.
1265 2943 1375 3005 merito

235 3049 346 3108 contra
372 3045 465 3108 huius
489 3045 684 3128 arrogantiae
712 3045 996 3126 praesumptionem
1026 3063 1128 3109 sermo
1157 3046 1281 3110 diuinus
1309 3046 1374 3108 uim

236 3168 312 3212 suae
328 3149 521 3213 auctoritatis
537 3149 587 3212 uel
604 3149 824 3231 increpationis
842 3150 989 3213 exseruit:
1011 3168 1125 3230 nemo,
1141 3150 1253 3232 inquit,
1269 3151 1375 3214 uenit
1402 3169 1427 3210 es

236 3253 279 3316 ad
296 3271 364 3333 me,
390 3252 461 3316 nisi
484 3256 588 3335 pater
611 3252 816 3316 adtraxerit
839 3271 933 3332 eum,
958 3254 1132 3317 etiterum:
1157 3272 1227 3318 non
1251 3255 1375 3318 uolen-

235 3357 286 3421 tis
311 3377 427 3438 neque
450 3358 649 3436 currentis³
674 3357 737 3420 sed
754 3357 971 3420 miserentis
996 3361 1052 3421 est
1075 3357 1141 3428 dei.
1166 3358 1247 3439 quod
1264 3359 1374 3422 merito

235 3461 275 3524 ad
303 3481 336 3524 se
360 3461 477 3524 dictum
506 3480 574 3524 esse
597 3461 769 3543 reputabit,
797 3461 848 3542 qui
873 3462 1006 3525 salutem
1036 3481 1124 3525 suam
1153 3481 1223 3525 cum
1246 3462 1373 3546 Pelagio

236 3566 360 3648 propria
390 3565 421 3628 in
453 3565 615 3629 uoluntate
651 3583 686 3628 ac
716 3567 831 3629 uirtute
862 3565 1033 3630 constituit.
1080 3566 1161 3648 quod
1192 3566 1297 3646 utiquc
1329 3567 1373 3630 illi

235 3668 315 3732 obici
341 3687 400 3732 non
425 3687 552 3732 necesse
577 3673 634 3748 est,
663 3671 713 3750 qui
738 3670 859 3733 nonde
888 3671 952 3734 solo
975 3669 1080 3734 labore
1108 3670 1290 3752 praesumit,
1319 3672 1373 3734 sed
1400 3689 1426 3728 co

235 3773 399 3838 conatibus
423 3774 486 3836 scis
510 3773 696 3837 cotidianam
720 3773 769 3836 dei
792 3773 1036 3838 misericordiam
1061 3777 1092 3836 et
1114 3775 1217 3857 iugem
1239 3775 1372 3857 gratiam

343 3926 385 3996 16]
405 3927 479 3980 ltom.
500 3931 523 3990 5,
537 3931 553 3982 o
566 3943 603 3996 sq.
658 3927 704 3997 25]
724 3927 814 3981 locun.
834 3933 857 3990 o,
871 3929 912 3982 ll.
966 3928 1011 3996 26]
1031 3927 1106 3982 ltorn.
1126 3932 1150 3992 o,
1166 3931 1204 3983 16.

282 4066 376 4120 lsiP
421 4065 573 4120 adlirmctr
621 4067 805 4135 20rigines1¹
850 4069 966 4135 spossec
977 4067 1084 4136 scripsi,
1103 4068 1187 4136 possit
1200 4086 1222 4136 r,
1235 4068 1333 4136 positas
1347 4071 1375 4123 Ρ

235 4169 319 4205 serere
340 4153 366 4206 P
445 4157 476 4207 10
499 4153 590 4220 inquid
612 4155 639 4208 Ρ
709 4156 739 4208 13
766 4155 849 4208 auca
876 4152 1038 4222 stipendium
1064 4155 1166 4222 peccati
1194 4171 1264 4207 mors
1291 4157 1372 4209 inter-

230 4241 328 4309 polato
347 4240 546 4294 occurremur
600 4243 631 4294 ll
651 4240 743 4308 recipit
763 4240 790 4293 P
845 4243 875 4295 15
899 4239 1005 4292 diabulo
1024 4241 1051 4294 P
1098 4243 1129 4296 18
1147 4240 1328 4294 habundassct
1348 4243 1374 4295 P

235 4329 264 4380 21
287 4325 484 4394 secrilegiorum
503 4327 531 4381 P
598 4329 632 4382 23
659 4343 686 4379 se
713 4345 763 4382 om.
786 4346 801 4382 r
871 4329 905 4384 28
932 4327 1066 4398 reputauit
1094 4347 1115 4395 a,
1143 4347 1180 4382 an
1207 4329 1371 4398 reputanerit

234 4413 425 4470 scribendum?
