3264 5134
643 466 740 523 Liber
757 468 772 522 I
790 471 882 524 9-10.
1286 471 1329 535 33

189 643 305 708 ditias
329 647 366 708 et
388 643 589 726 iniquitati
612 644 656 707 ad
678 644 935 726 iniquitatem,
959 646 1013 708 ita
1035 663 1132 710 nunc
1155 645 1328 710 exhibete

190 747 356 814 membra
382 751 510 812 uestra
537 748 878 813 seruireiustitiae
906 749 942 813 in
970 749 1328 814 sanctificationem.

188 870 294 918 nonne
323 852 374 916 hic
403 853 507 935 ipsum
531 853 725 934 eundemque
756 853 917 917 hominem
947 854 986 917 ad
1015 853 1170 918 bonorum
1200 872 1328 936 operum

189 957 296 1022 studia
317 959 477 1038 prouocat,
501 975 593 1039 quem
617 957 703 1040 prius
728 956 819 1020 malis
843 957 982 1022 deditum
1005 957 1103 1023 fuisse
1126 959 1328 1024 manifestat?

231 1060 333 1144 Igitur
357 1061 432 1126 dum
454 1061 545 1126 liberi
567 1061 772 1144 interemptor
795 1061 915 1126 arbitrii
942 1063 974 1126 in
1002 1063 1184 1127 alterutram
1206 1067 1328 1146 partem
1367 1089 1380 1128 s

189 1166 295 1230 omnia
317 1183 353 1230 ex
375 1165 658 1248 praedestinatione
682 1169 803 1230 statuta
832 1169 863 1230 et
891 1165 1019 1230 definita
1046 1185 1114 1230 esse
1137 1167 1328 1249 pronuntiat,

190 1271 284 1334 etiam
308 1287 455 1352 suprema
476 1270 616 1336 remedia
636 1269 848 1352 paenitentiae
871 1289 965 1336 sensu
985 1270 1135 1354 abruptae
1158 1272 1329 1354 impietatis

190 1377 331 1440 euacuat.
370 1378 401 1438 ct
416 1375 569 1458 quomodo
589 1375 747 1458 praedicat
769 1377 913 1458 gratiam,
934 1377 987 1457 qui
1009 1375 1252 1441 misericordiam
1276 1395 1329 1440 no-

189 1481 267 1563 gat?
289 1479 444 1561 quomodo
460 1479 582 1544 uidetur
599 1497 736 1544 asserere
752 1479 800 1544 dei
816 1479 942 1561 donum,
959 1481 1045 1544 cuius
1061 1481 1143 1546 tollit
1158 1481 1328 1546 auxilium?

190 1583 344 1666 quomodo
366 1584 460 1648 audet
475 1584 511 1648 de
528 1584 690 1667 scripturis
706 1602 904 1667 praesumere
920 1585 1107 1666 testimonia,
1124 1585 1176 1667 qui
1192 1586 1325 1670 scriptu·
1352 1615 1377 1655 ro

190 1706 296 1752 rarum
319 1692 449 1754 conatur
472 1688 633 1752 excludere
649 1689 824 1753 beneficia?
854 1689 1007 1772 quomodo
1029 1689 1106 1754 mihi
1122 1690 1248 1754 dicitur:
1273 1691 1328 1754 de·

190 1794 291 1858 clina
314 1811 334 1858 a
356 1793 454 1858 malo
478 1797 514 1858 et
537 1794 595 1858 fac
618 1793 768 1874 bonum,
799 1795 825 1858 si
854 1795 917 1858 iam
945 1795 1063 1858 malum
1088 1795 1243 1860 declinare
1266 1815 1329 1860 non

191 1901 344 1982 possum?
382 1917 437 1962 cur
460 1899 617 1982 apostolus
641 1899 795 1981 loquitur:
820 1899 1063 1981 mortificate,
1087 1900 1197 1982 inquit,
1221 1920 1329 1966 mem-

190 2002 255 2067 bra
277 2005 420 2083 uestra,
444 2003 621 2067 etiterum:
639 2003 768 2084 eratis,
784 2003 896 2085 inquit,
918 2004 1119 2086 aliquando
1136 2004 1327 2086 tenebrae,

192 2125 288 2172 nuuc
316 2109 441 2171 autem
471 2107 532 2172 tur
562 2108 598 2170 in
629 2107 793 2188 domino,
824 2111 863 2172 ut
885 2107 958 2172 filii
988 2109 1083 2173 lucis
1115 2108 1326 2174 ambulate?
1355 2137 1379 2176 rs

189 2210 344 2293 quomodo
367 2211 445 2275 mihi
468 2211 676 2276 mutationem
704 2212 767 2275 mei
797 2212 874 2296 legis
904 2213 1097 2296 praedicator
1124 2213 1278 2294 insinuat,
1301 2215 1328 2278 si

190 2314 409 2380 inmutabilem
432 2315 535 2399 legem
558 2316 657 2380 tactor
680 2316 833 2398 inposuit:
858 2317 1107 2400 expoliantes,
1131 2318 1239 2400 inquit,
1263 2337 1327 2383 uos

191 2419 557 2484 ueteremhominem
574 2439 655 2484 oum
679 2419 825 2484 actibus
849 2421 928 2484 eius
952 2421 1151 2486 induentes
1172 2425 1327 2488 nouum?

192 2523 346 2606 quomodo
370 2527 546 2589 concretam
570 2524 689 2608 peccati
711 2523 815 2588 labem
838 2524 1088 2607 inseparabiliter
1116 2525 1154 2592 ad
1178 2527 1327 2610 originem

190 2631 221 2692 et
244 2628 453 2693 conditionem
476 2628 629 2712 pertinere
652 2621 824 2708 contendis,
852 2647 946 2710 quam
970 2629 1082 2712 deponi
1105 2635 1136 2694 et
1152 2631 1221 2694 erui
1236 2649 1327 2714 posse
1354 2659 1380 2700 ro

190 2733 376 2818 cognoscis?
418 2733 565 2817 intellege
599 2734 753 2798 contrario
788 2737 818 2796 te
853 2733 964 2816 spiritu
998 2734 1148 2798 aduersus
1182 2739 1326 2800 sanctum

188 2838 333 2921 spiritum
356 2837 451 2919 loqui,
475 2837 528 2920 qui
550 2837 629 2921 legis
646 2841 677 2902 et
692 2838 912 2920 prophetarum
929 2842 1133 2920 sacramenta,
1157 2840 1210 2921 qui
1233 2857 1327 2904 euan-

187 2943 307 3026 gelicos
330 2941 472 3006 ueritatis
495 2941 620 3006 oracula
643 2941 758 3006 mundo
785 2942 819 3006 in
845 2942 1034 3008 adiutorium
1064 2944 1148 3008 dedit
1179 2948 1210 3008 et
1239 2963 1327 3028 prae·

188 3049 281 3130 cepta
302 3046 412 3110 diuina
432 3065 486 3130 per
508 3045 680 3110 laboriosae
704 3046 860 3110 seruitutis
889 3045 991 3112 officia
1016 3048 1116 3131 gratia
1142 3051 1327 3132 cooperante

188 3150 389 3216 sernentibus
412 3169 545 3235 regnum
568 3151 701 3214 caeleste
724 3150 875 3234 promisit.
1352 3182 1378 3222 25

232 3253 428 3339 Quapropter
462 3253 612 3320 honorem
647 3255 748 3319 sancti
782 3255 884 3340 operis
919 3274 954 3320 ac
984 3255 1099 3322 laboris
1130 3257 1168 3322 de
1198 3259 1326 3340 praemii

189 3357 408 3444 magnitudine
431 3377 468 3424 ac
491 3359 643 3442 dignitate
665 3359 785 3439 metire,
816 3362 903 3424 cuius
931 3360 1069 3443 palmam
1096 3365 1130 3425 tu
1158 3363 1273 3444 pariter
1295 3367 1327 3428 et

187 3481 335 3528 eoronam
362 3463 457 3528 uilem
486 3463 603 3546 absque
634 3463 729 3528 dubio
758 3463 886 3545 iudicas,
919 3464 945 3528 si
976 3483 1044 3529 cam
1076 3465 1142 3530 sino
1171 3466 1327 3532 laboriosa

186 3568 374 3634 contritione
401 3567 590 3651 adprehendi
619 3585 710 3651 posse
734 3567 909 3633 confirmas.
949 3571 1099 3652 numquid
1128 3573 1231 3654 potest
1260 3572 1325 3636 sine

187 3689 305 3756 magna
327 3671 427 3755 operis
451 3671 623 3737 intentione
646 3673 830 3737 mandatum
854 3673 931 3737 illud
954 3673 1077 3738 diuinae
1100 3675 1325 3758 praeceptionis
1353 3702 1379 3742 ro

187 3776 337 3860 impleri?
375 3776 466 3857 noli,
489 3776 600 3858 inquit,
632 3777 732 3840 uinci
763 3795 781 3842 a
811 3777 922 3858 malo,
954 3778 1145 3844 seduince
1172 3779 1325 3846 inbono
1391 3811 1393 3814 ·

294 3938 338 4008 11]
358 3937 456 3994 raum.
476 3941 573 4002 sana
624 3939 667 4008 13]
687 3937 741 3994 eor.
761 3942 822 4005 as.
873 3940 1082 4010 irruptae.
1132 3941 1175 4011 rr]
1195 3940 1325 4006 corae.

185 4025 233 4096 ar]
253 4025 330 4080 acm.
350 4027 391 4090 12,
403 4027 445 4082 ar.

230 4139 487 4208 denudemquacP
531 4138 800 4209 apraedisttuatione
813 4141 841 4195 P
886 4143 1061 4210 leupraema
1074 4143 1100 4196 P
1146 4145 1178 4198 10
1191 4145 1327 4210 quomoP

188 4227 222 4282 13
239 4240 308 4294 quur
327 4226 355 4281 P
405 4224 499 4294 inquid
517 4227 544 4280 P
598 4229 628 4282 17
649 4225 843 4280 immutabilem
862 4229 895 4296 P,
915 4226 1137 4284 inimitabilemo
1184 4231 1216 4286 19
1234 4245 1325 4298 pecca-

185 4337 223 4392 tis
242 4337 270 4392 P
319 4339 354 4394 23
372 4337 472 4392 mundo
491 4339 518 4394 P
534 4339 827 4408 (coronabimus.)
875 4307 1036 4395 adiutoribm
1055 4341 1082 4394 P
1127 4343 1161 4398 28
1173 4339 1287 4410 absquae
1300 4342 1327 4396 P

185 4427 221 4482 29
240 4423 420 4494 adpraehendi
438 4427 466 4481 P
517 4429 548 4482 31
568 4425 662 4494 inquid
681 4428 708 4481 P

240 4519 293 4563 m
307 4519 381 4562 hunt.
1155 4519 1171 4567 ³
