3320 5140
339 439 363 492 X
789 439 1028 507 Prolcgomena.

339 615 399 678 sibi
421 615 543 697 parauit
565 614 764 678 concionibus
789 615 839 678 uel
858 614 1138 696 praedicationibus
1158 614 1319 695 habendis,
1343 633 1474 697 quarum

338 719 507 782 identidem
524 720 714 783 mentionem
730 719 805 783 lacit
821 718 963 784 Sidonius
980 719 1084 783 dicens
1100 738 1172 783 cum
1188 719 1334 784 Larinum
1351 719 1473 801 saepius

340 823 463 887 uenisse
480 842 551 887 cum
575 823 614 886 ad
636 823 718 887 uitae
742 823 896 888 solitariae
920 823 1022 888 officia
1043 823 1246 888 instauranda
1261 827 1329 888 tum
1352 823 1391 888 ad
1413 823 1475 886 fra-

339 927 438 991 tribus
462 927 683 992 Leriuensibus
706 928 948 1010 praedicandum
972 927 1081 1010 (carm.
1097 928 1173 992 XVI
1197 925 1260 990 104
1275 928 1367 1010 squ),
1391 927 1474 991 Reiis
1544 1008 1547 1023 ‚

340 1031 522 1114 saepissime
550 1031 764 1096 contionatum
792 1051 859 1096 esse
888 1030 975 1114 (ibid.
994 1030 1056 1094 124
1071 1033 1154 1116 sqq.)
1181 1033 1332 1114 festisque
1359 1031 1475 1096 hebdo-

340 1135 513 1200 madalibus
529 1137 674 1220 Lugduni
694 1137 726 1200 in
751 1137 880 1200 ecclesia
904 1153 922 1199 a
944 1137 1087 1200 Pudente
1103 1136 1307 1220 Lugdunensi
1330 1136 1473 1218 episcopo

340 1239 500 1304 aedificata
531 1244 562 1304 11
593 1241 734 1304 dedicata
762 1241 956 1322 perorauisse
987 1241 1176 1324 collegarum
1207 1243 1474 1305 sacrosanctorum

339 1348 449 1428 rogatu
473 1349 633 1408 exoratum
652 1343 695 1427 (p.
712 1343 764 1425 33,
783 1343 823 1407 15
846 1349 878 1408 11
904 1342 974 1425 152,
991 1342 1010 1405 9
1034 1345 1093 1428 L).

382 1448 446 1512 Nec
473 1467 546 1514 uero
575 1447 715 1514 Sidonius
744 1449 828 1513 solus
857 1449 1010 1512 Faustum
1037 1450 1134 1514 tantis
1162 1449 1307 1514 laudibus
1338 1449 1383 1532 (in
1410 1448 1474 1531 epi-

339 1553 429 1618 stulis
450 1553 544 1617 VIIII
563 1551 584 1616 3
604 1556 635 1617 et
655 1552 675 1614 9
697 1557 727 1617 et
747 1553 884 1617 carmine
905 1553 994 1636 XVI)
1015 1555 1143 1634 extollit,
1167 1554 1221 1618 sed
1237 1554 1379 1618 Ruricius
1399 1571 1475 1635 quo·

339 1677 398 1740 qne
419 1657 581 1740 episcopus
597 1657 823 1722 Lemonicenns
844 1658 914 1740 plus
936 1659 1031 1722 semel
1051 1659 1083 1721 in
1103 1658 1211 1722 laudes
1232 1658 1362 1722 senioris
1384 1657 1475 1722 amici

339 1763 512 1845 prorumpit
535 1761 587 1845 (cf.
605 1761 753 1844 epistulas
776 1762 891 1826 Ruricii
914 1762 929 1824 Ι
954 1761 969 1822 1
993 1760 1088 1846 112),
1111 1781 1206 1844 qnare
1229 1781 1290 1827 non
1314 1763 1473 1840 miramur,

339 1867 421 1949 quod
444 1866 579 1930 Faustus
603 1861 666 1930 ima
688 1884 761 1930 cum
780 1866 909 1931 Leontio
929 1865 1115 1947 Arelatensi,
1137 1866 1254 1932 Graeco
1275 1865 1474 1944 Massiliensi,

339 1970 454 2034 Basilio
478 1968 668 2052 (AquensiF)
692 1988 712 2033 a
732 1969 852 2052 Nepote
875 1972 1060 2054 imperatore
1082 1971 1205 2054 legatus
1229 1976 1285 2051 est,
1309 1975 1344 2035 ut
1365 1988 1474 2054 pacem

339 2093 412 2138 cnm
438 2074 550 2138 Furico
576 2073 748 2138 Gothorum
776 2094 848 2158 rege
876 2093 957 2138 anno
984 2073 1049 2137 414
1076 2080 1284 2158 componeret,
1312 2077 1350 2139 cl.
1372 2075 1473 2140 Sidon.

340 2200 368 2263 p.
389 2176 459 2259 110,
478 2177 518 2240 14
535 2178 584 2241 L.:
604 2199 667 2262 per
687 2199 746 2240 uos
765 2177 853 2240 mala
865 2177 1042 2262 foederum
1057 2189 1208 2256 currunt,
1227 2201 1291 2265 par
1309 2200 1367 2242 uos
1383 2177 1475 2264 rapui

339 2283 513 2366 utriusque
531 2291 632 2367 pacta
655 2281 917 2367 condicionesque
934 2293 1125 2369 portantur.

384 2388 535 2451 Faustum
564 2405 671 2450 senem
700 2388 732 2452 in
760 2388 903 2452 exsilium
931 2389 1065 2453 missum
1093 2408 1162 2454 esse
1190 2389 1345 2470 exipsius
1368 2389 1474 2452 Fausti

342 2491 483 2574 epistulis
513 2492 721 2573 comperimus
750 2491 802 2575 (cl.
824 2512 853 2575 p.
874 2490 1346 2576 196,1.211,12.218,16)“)
1374 2511 1474 2574 neque

341 2593 555 2677 improbabilis
577 2597 624 2658 est
645 2597 822 2660 coniectura
840 2597 978 2662 uirorum
999 2597 1160 2662 doctorum
1175 2598 1214 2662 ab
1231 2597 1342 2661 Furico
1358 2595 1474 2661 Gotho-

341 2718 410 2762 rum
425 2718 509 2783 rege,
525 2718 597 2764 cum
613 2701 638 2764 is
651 2700 777 2765 Arelate
794 2704 826 2765 11
837 2701 1012 2766 Massiliam
1028 2721 1054 2766 a.
1067 2701 1129 2763 411
1144 2704 1326 2784 occupasset
1338 2700 1473 2784 (Iordan.

341 2802 409 2867 Get.
426 2801 492 2884 41),
507 2803 674 2868 Reiensem
690 2823 811 2888 qnoque
828 2806 989 2870 ciuitatem
1005 2806 1169 2870 subactam
1185 2825 1253 2870 esse
1269 2809 1300 2870 et
1311 2806 1474 2885 Faustum,

342 2908 395 2988 qui
421 2907 609 2973 Arianorum
636 2908 792 2973 haeresim
819 2911 1096 2975 uehementissime
1126 2911 1159 2976 in
1188 2911 1276 2975 libris
1307 2912 1344 2974 de
1374 2911 1475 2994 gratia

342 3011 433 3094 paulo
464 3015 536 3076 aute
566 3013 681 3095 publici
711 3015 785 3078 iuris
816 3015 906 3078 lactis
934 3015 1159 3098 impugnasset,
1186 3015 1253 3098 regi
1275 3014 1393 3080 Ariauo
1424 3033 1475 3079 su·

342 3119 485 3196 spectum
508 3118 612 3181 exsilio
635 3136 751 3200 poenas
774 3119 905 3183 dedisse.
945 3137 1007 3183 non
1031 3124 1137 3184 autem
1160 3119 1264 3200 uideo,
1292 3137 1347 3183 cur
1370 3138 1406 3183 ox
1429 3117 1475 3183 Si·

342 3220 424 3284 donii
452 3221 489 3284 de
513 3221 621 3286 Fausti
649 3223 755 3287 exsilio
779 3223 902 3288 silentio
925 3228 996 3306 post
1019 3222 1133 3288 Sidonii
1157 3227 1290 3288 mortem
1314 3241 1340 3287 a.
1358 3221 1421 3284 419
1445 3223 1473 3286 id

342 3325 468 3389 demum
491 3326 639 3390 accidisse
661 3345 733 3390 cum
749 3326 904 3391 Kruschio
924 3331 1080 3409 putemus.
1119 3333 1194 3410 quot
1217 3329 1301 3392 euim
1325 3327 1474 3411 epistulae

343 3431 466 3493 exstant
485 3447 504 3492 a
523 3429 646 3496 Sidonio
661 3435 731 3513 post
746 3449 863 3496 annum
878 3430 940 3494 411
958 3434 1112 3514 scriptae?
1136 3434 1163 3497 si
1179 3433 1251 3514 quid
1267 3433 1365 3513 uideo,
1386 3433 1476 3514 quin·

343 3551 401 3614 que
422 3537 545 3597 tautum
566 3535 717 3617 epistulae
733 3537 919 3600 nouissimae
935 3536 1006 3600 libri
1022 3537 1104 3618 noni,
1125 3555 1203 3619 quae
1219 3541 1325 3601 tamen
1341 3536 1476 3620 produnt

343 3635 503 3702 Sidonium
519 3656 581 3704 non
598 3639 731 3722 amplius
747 3659 796 3704 res
811 3640 843 3704 in
859 3641 960 3723 patria
975 3645 1079 3724 gestas
1103 3645 1275 3722 curantem,
1299 3641 1354 3704 sed
1376 3659 1474 3724 nugas

312 3801 314 3808 .
343 3745 538 3806 tractantem.

388 3950 407 4019 ¹)
424 3949 544 4004 Alteram
556 3948 656 4002 Ruricii
673 3949 847 4019 epistularum
866 3949 899 4004 ad
912 3949 1040 4004 Faustum
1054 3948 1177 4004 datarum
1190 3951 1213 4020 (Ι
1226 3951 1253 4020 2)
1266 3950 1299 4004 ad
1312 3950 1474 4005 exsulantem

344 4037 470 4107 scriptam
494 4053 549 4090 essa
567 4035 715 4090 Kruschins
738 4037 871 4091 immerito
895 4039 984 4090 censet
1004 4041 1112 4106 propter
1133 4037 1215 4092 uerba
1233 4038 1392 4107 (p.355‚1):
1419 4040 1476 4108 ipsa

267 4123 270 4132 ’
343 4125 452 4179 raeuiom
469 4125 564 4192 trabae,
586 4125 643 4193 ipsc
660 4125 768 4179 uoniam
791 4125 939 4194 deprecare,
961 4131 999 4192 ot,
1023 4142 1099 4194 meam
1116 4127 1152 4179 io
1166 4126 1345 4194 peregrina
1361 4125 1476 4194 putria

344 4212 466 4281 appellas
489 4211 608 4274 liberum,
635 4211 671 4265 ira
688 4214 833 4282 propria
851 4211 941 4282 possis
963 4212 1055 4266 uidere
1078 4213 1228 4278 liberatum,
1255 4228 1315 4265 cum
1343 4211 1424 4266 uerba
1445 4213 1476 4265 io

343 4299 486 4367 peregrina
503 4300 599 4367 patrio
621 4297 653 4351 de
677 4297 727 4352 hoc
751 4299 859 4362 mundo,
882 4298 963 4352 ucrba
985 4301 1016 4353 io
1033 4300 1151 4368 propri-a
1175 4298 1207 4350 de
1230 4299 1302 4352 caclo
1324 4299 1367 4352 uel
1389 4299 1476 4367 patria

345 4384 450 4438 caelesti
468 4385 653 4454 intellegamus
672 4402 775 4440 necesse
793 4386 835 4439 sit.
