3244 5130
311 449 372 515 154
688 451 724 505 11.
744 453 788 504 De
807 453 928 520 spiritu
948 457 1060 506 sancto

309 625 366 688 dei
395 627 551 706 loquens
579 627 671 690 dicit
702 629 900 692 anathema
922 628 1017 692 lesu.
1056 633 1090 692 et
1113 647 1217 693 nemo
1241 634 1367 711 potest
1393 630 1442 692 di-

309 747 390 793 cere
410 730 578 794 dominus
594 732 700 796 Iesus
724 733 796 797 nisi
816 734 851 796 in
872 733 1007 815 spiritu
1028 737 1166 798 sancto.
1206 735 1343 812 aduerte,
1368 751 1441 814 quo-

309 835 400 898 modo
430 834 480 898 hic
510 836 655 918 spiritum
686 837 734 900 dei
767 839 909 920 spiritum
940 842 1084 902 sanctum
1116 857 1183 901 esse
1211 837 1440 902 absolutissime

309 939 492 1021 designauit.
517 940 555 1002 dc
578 940 689 1023 spiritu
713 945 831 1022 sancto,
854 960 946 1023 quern
963 941 1113 1025 superiori
1130 941 1285 1006 sententia
1299 941 1439 1024 spiritum

269 1069 281 1106 u
308 1043 460 1125 deiloqui
484 1046 654 1128 proposuit,
677 1047 827 1129 perspice,
851 1064 930 1128 quae
953 1049 1136 1128 sequuntur,
1160 1063 1254 1128 quam
1278 1045 1441 1110 manifeste

307 1147 396 1211 illum
420 1148 511 1212 deum
536 1153 566 1213 et
592 1150 754 1214 dominum
783 1171 851 1215 esse
878 1154 1047 1215 testantur:
1083 1151 1302 1230 diuisiones,
1333 1150 1441 1232 inquit,

307 1253 514 1336 gratiarum
543 1259 643 1335 sunt,
677 1255 772 1319 idern
807 1259 930 1319 auteur
962 1255 1132 1337 spiritus,
1167 1257 1203 1318 et
1237 1255 1441 1318 diuisiones

307 1357 627 1422 ministrationum
658 1363 758 1440 sunt,
789 1360 885 1424 idem
916 1363 1038 1424 autem
1069 1359 1254 1438 donuinuS,
1289 1363 1325 1422 et
1354 1359 1442 1422 diui-

307 1461 430 1524 siones
454 1463 714 1546 operationum
738 1468 838 1544 sunt,
869 1465 963 1528 idem
995 1467 1117 1528 autem
1146 1463 1243 1527 deus.
1283 1467 1440 1545 tamquam

257 1590 281 1627 ro
308 1565 334 1628 si
365 1564 475 1629 beatus
506 1570 663 1650 apostolus
693 1569 731 1632 dc
762 1569 888 1651 spiritus
916 1570 1015 1633 sancti
1043 1569 1206 1632 diuinitate
1234 1567 1346 1632 fuisset
1371 1585 1441 1630 oon-

307 1669 419 1750 sultus,
443 1671 611 1752 euidenter,
642 1674 679 1737 de
703 1691 762 1756 quo
786 1674 916 1737 dixerat:
947 1673 1041 1737 idem
1066 1673 1239 1755 spiritus,
1271 1672 1308 1734 de
1332 1690 1367 1735 co
1390 1671 1442 1734 ad-

307 1773 367 1838 dit:
390 1774 485 1840 idem
507 1775 610 1856 deus,
632 1777 693 1860 qui
714 1781 890 1862 operatur
910 1779 1033 1842 omnia
1053 1779 1089 1842 in
1109 1777 1291 1842 omuibus.
1325 1761 1451 1860 operari

306 1880 412 1942 omnia
441 1898 502 1944 non
532 1885 647 1964 posset,
679 1883 705 1945 si
736 1887 819 1946 esset
848 1901 929 1946 unus
960 1902 996 1946 21
1026 1881 1180 1947 omnibus.
1219 1881 1270 1944 hio
1300 1883 1440 1962 spiritum

307 1987 449 2047 sanctum
474 1987 539 2048 tam
563 1987 594 2049 in
619 2004 674 2049 suo
698 1988 822 2051 nomine
846 2005 940 2069 quam
964 1987 994 2050 in
1019 1987 1143 2050 domino
1167 1989 1198 2049 et
1218 1986 1274 2048 deo
1292 1989 1346 2049 aut
1361 1989 1440 2048 certe

256 2111 279 2148 re
307 2087 465 2180 euidenter
489 2109 669 2172 expressum
693 2094 747 2154 aut
768 2096 851 2155 certe
875 2091 1007 2154 trinitati
1031 2109 1164 2174 agnosce
1185 2090 1348 2153 sociatum.
1388 2089 1439 2152 scd

306 2191 355 2254 hic
388 2191 420 2255 in
451 2193 602 2257 donorum
633 2195 837 2259 diuisionibus
869 2195 970 2278 magis
1001 2213 1103 2258 sermo
1138 2195 1260 2257 diuinus
1296 2193 1439 2276 spiritum

306 2299 449 2360 sanctum
481 2297 671 2382 intellegitur
701 2300 892 2383 designasse,
923 2299 994 2380 quia
1025 2299 1167 2382 superins
1198 2297 1367 2380 accipimus
1397 2297 1440 2360 di·

306 2399 528 2466 stributionum
551 2403 684 2485 gratiam
709 2403 831 2486 spiritui
848 2407 954 2467 sancto
971 2403 1096 2485 speciali
1112 2401 1342 2485 dispensatione
1358 2420 1440 2466 conr-

305 2509 419 2587 petere.
445 2507 526 2588 quod
549 2526 622 2571 uero
646 2507 735 2572 dixit:
766 2508 849 2571 idem
873 2507 1026 2587 domiuus,
1057 2507 1138 2570 idem
1164 2511 1269 2570 autem
1292 2505 1378 2586 deus,
1409 2506 1438 2570 in

253 2633 278 2672 2ο
306 2611 447 2691 sequenti
471 2612 605 2694 capitulo
629 2612 667 2676 ad
687 2613 833 2695 spiritum
849 2616 991 2676 sanctum
1008 2612 1145 2675 ostendit
1160 2630 1228 2675 esse
1245 2611 1438 2675 referendum

305 2714 426 2779 dicens:
443 2716 510 2780 alii
526 2717 672 2798 quidem
689 2735 752 2800 per
768 2717 941 2799 spiritum
958 2717 1065 2780 datur
1081 2734 1200 2780 sermo
1216 2716 1438 2798 sapientiae,

305 2818 371 2882 alii
387 2839 505 2884 sermo
522 2821 703 2884 scientiae
720 2821 920 2884 secundum
942 2820 1096 2884 eundem
1118 2819 1308 2903 spiritum,
1333 2819 1439 2882 alteri

304 2923 399 2987 fides
423 2923 459 2988 in
484 2925 608 2988 eodem
633 2925 781 3008 spiritu,
806 2925 917 2988 alteri
940 2925 1062 3008 gratia
1085 2925 1288 2988 sanitatum
1311 2924 1348 2988 in
1372 2941 1438 2986 uno

305 3027 455 3110 spiritu,
490 3028 557 3092 alii
591 3029 760 3112 operatio
793 3029 992 3108 uirtutum,
1027 3029 1092 3092 alii
1126 3027 1338 3111 prophetia,
1377 3026 1438 3090 alii

253 3155 278 3193 21
305 3132 481 3196 discretio
505 3133 719 3216 spirituum,
744 3133 809 3196 alii
831 3151 968 3216 genero
989 3132 1216 3215 linguarum,
1240 3132 1305 3196 alii
1328 3132 1440 3195 inter·

304 3237 467 3318 pretatio
491 3256 711 3301 sermonum.
747 3239 836 3301 haec
859 3241 983 3302 autern
1006 3238 1128 3301 omnia
1150 3241 1324 3319 operatur
1348 3215 1439 3300 uuus

305 3345 415 3422 atque
436 3342 531 3405 idern
552 3343 709 3424 spiritns
730 3343 903 3406 diuidens
925 3342 1086 3425 singulis
1107 3346 1217 3424 prout
1236 3342 1328 3406 uult.
1365 3341 1439 3405 nulli

304 3444 457 3526 subditus,
481 3446 536 3510 sed
559 3447 701 3510 caelestis
724 3451 772 3510 est
795 3446 948 3526 dominus,
972 3447 1024 3528 qui
1047 3445 1127 3510 dona
1150 3446 1297 3510 caelestia
1318 3445 1440 3527 propria

304 3549 465 3614 uoluntate
488 3554 519 3614 et
541 3549 579 3613 de
602 3552 758 3633 potentiae
782 3569 856 3614 suae
880 3551 946 3614 inre
970 3551 1109 3634 largitur.

407 3784 435 3852 o]
457 3787 468 3839 1
484 3784 542 3840 oor.
558 3787 635 3846 12,1.
691 3784 734 3854 12]
756 3789 767 3840 1
783 3783 842 3839 σοι,
857 3787 896 3849 12,
909 3789 933 3840 u.
988 3784 1033 3853 21]
1055 3787 1066 3839 1
1082 3783 1140 3838 cor.
1156 3787 1194 3847 12,
1209 3787 1232 3840 a.

347 4005 362 4057 2
381 4001 547 4070 quoriornodo
567 4003 594 4056 P
644 4005 660 4056 4
680 4001 712 4054 dc
735 4021 785 4056 oua
805 4021 819 4056 u
840 4007 864 4056 ct
883 4001 946 4056 add.
966 4009 1028 4056 autc
1047 4001 1175 4069 superiori
1229 4005 1245 4055 5
1267 4001 1402 4069 perspicue
1427 4019 1440 4054 1

304 4131 369 4183 quae
387 4133 473 4170 omo
526 4081 890 4179 aministrariouissltmm
908 4115 1052 4180 monuit.)
1110 4117 1173 4166 sunt
1191 4111 1288 4169 om.‘'P
1344 4117 1440 4168 9sunt

303 4247 353 4284 om.
373 4228 400 4281 P
463 4227 514 4280 uns
532 4229 559 4282 n
618 4193 1145 4296 1211111111,έῇῑῙΙὟεηιαηιωτ.)
1217 4229 1249 4281 12
1267 4193 1338 4294 net
1358 4227 1441 4292 noa

306 4315 449 4381 mauolt.)
512 4317 542 4368 14
561 4317 675 4368 niteram
695 4314 722 4366 in
741 4333 790 4368 cor.
810 4332 826 4367 c
881 4315 912 4367 17
933 4313 1142 4383 intelligeturlt
1197 4315 1228 4368 19
1247 4311 1395 4380 insequenti
1414 4313 1440 4368 u

304 4404 338 4462 22
356 4400 514 4470 secundum]
533 4401 560 4458 iu
581 4419 594 4458 u
647 4403 681 4459 28
700 4399 858 4458 subditur-u
