3320 5140
646 479 887 548 Prolegomena.
1258 477 1334 531 LVII

199 656 330 738 parauit.
359 656 501 740 singulae
524 655 713 720 collectionis
736 655 881 720 homiliae
898 659 953 718 aut
968 656 1110 737 integrae,
1123 658 1176 718 aut
1191 654 1333 737 singulae

200 777 308 823 carum
327 763 431 842 partes
447 759 500 823 ubi
517 759 617 824 editae
633 763 765 840 exstent,
789 760 815 822 si
830 759 957 823 omniuo
973 761 1105 838 exstant,
1128 759 1179 822 hic
1194 762 1334 841 repetere

199 864 281 944 nolo,
304 882 375 926 cum
395 864 427 928 in
443 864 525 928 notis
548 864 661 927 criticis
684 864 848 944 unicuique
864 863 1000 927 sermoni
1023 863 1053 926 iu
1077 867 1183 926 nostra
1199 862 1333 926 editione

199 967 358 1048 subiectis,
388 985 602 1050 quaecumque
625 968 751 1032 adrem
779 969 906 1047 faciunt,
937 967 1101 1050 diligenter
1129 965 1332 1030 enotauerim.

198 1091 270 1136 cum
286 1075 392 1136 antem
407 1072 554 1155 pleraque
569 1090 642 1155 pars
657 1072 738 1136 inter
752 1071 923 1155 Augustini
944 1074 974 1135 ct
989 1071 1118 1134 Maximi
1133 1069 1333 1134 Taurinensis

198 1194 357 1240 sermones
381 1177 562 1260 reperiatur,
591 1176 729 1258 quisquis
752 1175 923 1258 Augustini
951 1176 1119 1240 editionem
1145 1193 1164 1239 a
1191 1174 1332 1257 patribus

196 1280 350 1344 Maurinis
366 1283 508 1344 curatam
523 1280 573 1344 uel
590 1279 728 1360 Maximi,
745 1298 839 1362 quam
855 1279 953 1344 Bruni
969 1279 1112 1359 coniecit,
1132 1278 1332 1359 consuluerit,

196 1385 274 1448 alios
297 1401 418 1466 quoque
435 1383 555 1449 codices
578 1401 597 1448 a
620 1383 717 1462 nobis¹
731 1385 858 1449 consilio
880 1384 930 1448 hic
952 1385 1075 1448 silentio
1095 1383 1332 1467 praetermissos

196 1493 373 1572 cognoscet.
419 1507 471 1553 eos
499 1492 604 1552 autem
632 1489 762 1569 codices,
793 1507 809 1551 e
837 1489 947 1571 quibus
975 1507 1012 1553 ea
1039 1489 1223 1570 deprompta
1249 1490 1331 1567 sunt,

197 1611 278 1675 quae
300 1591 422 1676 Angelo
445 1593 510 1657 Mai
532 1593 647 1676 publici
671 1593 746 1657 iuris
770 1594 843 1657 lecit
865 1594 916 1658 uel
939 1593 1046 1658 Fausti
1070 1592 1244 1675 editores‚¹)
1268 1591 1331 1655 suis

196 1697 272 1762 locis
295 1696 510 1762 iudicauimus.
628 1689 631 1695 ’

240 1801 328 1865 Haec
349 1801 501 1866 hactenus
524 1801 561 1866 de
585 1802 764 1866 collectione
781 1803 975 1866 Durlacensi.
1015 1803 1184 1866 transimus
1200 1800 1239 1864 ad
1259 1819 1331 1864 ser-

196 1924 323 1970 mones
349 1905 459 1970 XXIII
487 1909 521 1970 et
548 1906 683 1986 XXIHI,
710 1924 842 1989 quorum
870 1911 1001 1988 uterque
1028 1907 1066 1970 ad
1094 1905 1261 1970 monachos
1285 1905 1331 1968 di-

194 2014 300 2074 rectus
324 2013 381 2090 est,
404 2029 499 2093 quare
523 2011 701 2076 coniunctos
725 2029 777 2075 eos
800 2012 833 2075 in
855 2011 943 2076 libris
964 2011 1183 2093 manuscriptis
1203 2009 1331 2093 reperiri

195 2115 376 2198 explicatur.
415 2115 577 2179 continent
598 2119 703 2179 autem
726 2133 778 2179 eos
801 2115 833 2179 hi
856 2115 991 2180 codices:

240 2215 1331 2284 CodexParisinusbibliothecaenationalislatinusu.2780

194 2321 408 2406 (Colbertinus
435 2321 531 2404 5230,
562 2323 676 2408 Regius
703 2321 814 2474 4{3{)’
844 2343 938 2407 quem
969 2325 1152 2408 compendio
1178 2323 1207 2388 A
1235 2323 1330 2407 signi-

194 2513 372 2594 ficauimm,
400 2533 480 2578 saec.
501 2515 594 2578 XIII:
624 2515 676 2580 Iol.
694 2513 727 2578 2¹
754 2537 855 2579 sermo
876 2515 992 2603 focati
1014 2515 1068 2602 epa
1096 2515 1141 2579 cd
1161 2515 1328 2578 morracios

189 2617 321 2701 primus
352 2617 488 2701 (incipitr
520 2617 565 2680 ad
592 2617 696 2682 locam
723 2620 817 2697 barac,
844 2621 1009 2684 carissimi
1032 2649 1072 2678 =
1095 2623 1178 2686 hom.
1195 2619 1328 2702 XXIII),

191 2722 245 2786 sol.
262 2719 297 2785 4⁰
322 2720 441 2806 incipit
471 2721 614 2785 ciusdem
636 2722 797 2787 sccundus
823 2745 925 2787 sermo
956 2724 1076 2808 (incip,:
1107 2723 1244 2787 instruit
1270 2743 1328 2784 coe

190 2835 288 2910 ctprce
312 2825 492 2911 donator),
516 2828 567 2891 fol.
585 2825 618 2888 9²
642 2827 717 2890 item
739 2826 829 2892 alius
851 2849 952 2892 sermo
972 2829 1114 2892 eiusdem
1129 2827 1184 2890 III
1205 2828 1326 2911 (inalp.:

190 2927 279 3014 qaod
299 2928 471 3014 supplente
494 2939 523 2993 ct
546 2929 774 3014 quodammodo
799 2961 836 2988 =
861 2934 945 2998 hom.
962 2934 1110 3018 XXHII).

235 3034 369 3098 Eosdem
389 3053 548 3100 sermones
565 3035 673 3100 eodem
690 3036 795 3101 ordine
811 3038 949 3120 digestos
965 3037 1029 3120 (tol.
1045 3037 1086 3118 2‘,
1099 3037 1144 3118 3¹¹,
1157 3037 1205 3121 δ”)
1222 3041 1328 3101 seruat

189 3137 303 3202 codex
326 3138 521 3202 Parisinus
544 3140 685 3204 latinus
707 3159 737 3204 n.
754 3139 837 3202 2167
862 3141 1072 3224 (colbertinus
1092 3141 1187 3223 2394,
1210 3142 1326 3226 Regius

189 3239 288 3322 4029,
304 3241 339 3324 3)
367 3261 448 3306 saec.
465 3243 544 3308 XIII
560 3243 623 3326 (B).
662 3263 838 3310 sermonem
869 3247 1040 3311 secundum
1072 3266 1133 3312 nou
1163 3246 1326 3326 edidimus

190 3365 382 3429 quamquam
399 3347 506 3412 Fausti
529 3353 586 3428 est,
609 3353 772 3432 propterea
795 3351 876 3432 quod
900 3352 1031 3417 retertur
1054 3353 1084 3416 in
1110 3370 1239 3416 numero
1263 3370 1327 3415 ser-

189 3469 319 3515 monum
348 3451 468 3532 Fausti,
496 3451 548 3533 qui
576 3453 654 3518 falso
682 3455 806 3518 nomine
834 3454 960 3520 Eusebii
984 3455 1123 3520 Fmiscni
1151 3455 1225 3520 editi
1252 3459 1327 3521 sunt

188 3557 250 3638 (nr.
267 3553 334 3638 37),
362 3559 394 3618 et
416 3575 479 3620 una
500 3575 572 3620 cum
595 3558 705 3622 ceteris
729 3559 926 3624 sermonibus
948 3561 1271 3626 Pseudo-Eusebianis
1293 3561 1325 3625 in

187 3659 287 3723 altero
309 3663 434 3724 nostrae
458 3660 600 3725 editionis
623 3662 783 3726 uolumine
804 3667 1004 3730 recenseatur
1027 3683 1154 3730 necesse
1177 3668 1232 3730 est.

232 3763 341 3844 ltaque
357 3765 472 3828 rectius
484 3764 652 3847 dispositus
669 3769 716 3830 est
732 3767 844 3832 codex
859 3769 1055 3834 Parisinus
1071 3769 1324 3834 bibliothecae

188 3867 393 3932 nationalis
423 3868 565 3933 latinus
599 3867 704 3934 13333
734 3889 813 3936 saec.
835 3873 897 3936 XII
912 3872 976 3957 (C),
1007 3875 1060 3956 qui
1089 3874 1226 3956 primum
1257 3874 1322 3957 (fol.

188 3967 309 4054 1-30)
332 3972 439 4036 decem
455 3971 721 4039 Pseudo-Eusebi
745 3995 904 4041 sermones
927 3977 966 4042 ad
989 3979 1157 4043 monachos
1178 3978 1221 4063 (n.
1239 3977 1324 4042 35-

184 4073 230 4136 44
252 4075 445 4140 collectionis
469 4075 687 4162 Eusebianae),
711 4079 792 4145 inter
814 4099 891 4162 quos
916 4082 1006 4146 tertio
1028 4083 1106 4162 loco,
1131 4087 1165 4148 ut
1186 4101 1242 4166 par
1265 4088 1323 4165 est,

231 4249 251 4314 ι)
271 4246 425 4300 Sermonem
439 4247 491 4302 XII
504 4247 595 4302 Fausti
614 4249 737 4316 editores
756 4269 786 4306 ac
804 4253 906 4322 primus
925 4253 1031 4322 quidem
1048 4254 1180 4310 Henricus
1193 4254 1322 4322 (lenicius,

185 4333 319 4401 Antiquae
337 4333 464 4388 lectiones
482 4334 506 4388 V
524 4339 605 4392 420-
610 4338 669 4400 423,
693 4353 723 4390 ex
747 4338 836 4393 codice
855 4339 1020 4410 Sangallensi
1038 4343 1089 4400 213
1107 4341 1152 4414 (A)
1173 4342 1322 4410 ediderunt,

186 4418 220 4473 cl
233 4419 325 4474 studia
342 4423 435 4475 nostra
453 4421 485 4476 de
502 4421 595 4478 Fausti
613 4423 719 4494 scriptis
737 4441 762 4495 p.
776 4429 857 4496 83cq.
