3320 5140
651 400 890 469 Prolegomena.
1270 403 1338 458 XIII

205 575 343 658 proprias
371 574 529 640 exhibens.
576 594 635 658 quo
662 581 752 658 pacto
779 581 883 641 autem
907 597 1014 642 omnes
1037 578 1107 642 libri
1134 581 1337 664 manuscripti

205 683 329 763 praeter
355 699 453 744 unum
475 680 636 746 Pasehasii
663 681 782 746 diaconi
810 701 883 765 prae
911 703 943 746 se
972 683 1074 748 ferant
1096 701 1219 765 nornen,
1248 684 1336 749 saeile

205 785 271 858 loco
294 785 428 866 quodam
451 783 591 869 Gregorii
613 784 722 870 Magni
746 786 923 869 explicatur,
947 787 999 869 qui
1022 788 1053 852 in
1076 787 1337 872 Dialcg.111140

205 888 391 953 haecdicit:
423 887 555 966 audiui,
583 887 668 973 quod
689 888 884 953 Paschasius
907 889 1007 954 huius
1031 883 1336 976 apostolicaesedis

205 991 361 1056 diaconus
392 992 509 1076 (floruit
530 1012 611 1059 anno
634 995 697 1059 lare
720 992 808 1077 500),
839 993 951 1057 caius
979 994 1084 1081 opud
1112 1016 1178 1058 noa
1208 995 1336 1059 rectis·

204 1097 343 1162 simiel
359 1095 553 1162 luculenti
577 1097 792 1184 despicite
815 1109 946 1162 sancto
971 1097 1069 1162 libri
1092 1110 1256 1178 cautant,
1279 1101 1336 1164 uci-

207 1225 261 1266 rac
294 1201 478 1266 sanctitatis
513 1201 571 1265 uir
597 1200 720 1288 fucrit.
769 1203 831 1268 iam
867 1204 893 1268 si
929 1205 1132 1270 statuerimus
1166 1206 1197 1269 in
1233 1206 1336 1270 codice

204 1308 370 1392 archetypo
402 1325 508 1374 eorum
540 1307 704 1389 librorum,
739 1308 771 1372 in
804 1307 916 1390 quibus
948 1309 1110 1374 Paschasii
1144 1328 1258 1375 nomen
1292 1311 1337 1374 le·

203 1412 350 1498 gentibus
373 1414 516 1493 occurrit,
545 1413 652 1477 Fausti
681 1430 795 1477 nomen
822 1417 877 1477 aut
904 1414 1032 1478 consilio
1059 1418 1166 1498 utpote
1189 1415 1336 1480 haeretiei

204 1521 258 1583 aut
279 1536 354 1582 casu
377 1518 527 1582 omissum
556 1518 662 1598 fuisse,
690 1517 849 1581 Pasehasii
878 1537 1001 1599 nomen,
1029 1519 1116 1583 euius
1144 1521 1335 1584 mentionem

203 1622 313 1688 iecisse
350 1606 696 1687 honorificentissimam
730 1620 914 1705 Gregorium
952 1622 1104 1706 Magnum
1143 1625 1335 1689 meminisset

202 1727 356 1807 librarius,
381 1727 576 1810 suppositum
600 1745 668 1791 esse
692 1743 753 1790 non
777 1726 845 1806 erit,
869 1727 950 1808 quod
973 1728 1130 1792 miremur.
1170 1729 1223 1792 sed
1246 1729 1335 1811 plura

203 1832 241 1896 da
267 1832 326 1896 luae
351 1851 385 1896 re
412 1831 640 1914 disputauimus
669 1831 700 1894 in
729 1830 838 1894 studiis
867 1831 979 1895 nostris
1011 1832 1048 1894 de
1075 1832 1183 1896 Fausti
1213 1833 1334 1915 scriptis

202 1956 232 2019 p.
249 1933 385 2000 28-46.

246 2040 355 2105 Libros
378 2040 415 2104 de
440 2040 549 2123 spiritu
572 2043 679 2105 sancto
702 2059 720 2104 a
742 2040 857 2104 Fausto
881 2041 984 2105 exsulo
1008 2041 1138 2123 scriptos
1162 2059 1230 2105 esse
1250 2041 1335 2106 Kru·

203 2147 306 2211 setrius
329 2145 470 2226 coniecit,
498 2145 579 2228 quod
605 2146 691 2209 locus
720 2145 844 2227 quidam
867 2146 1069 2228 praelationis
1093 2165 1165 2211 cum
1192 2147 1334 2230 epistulIs

202 2249 241 2316 ab
270 2251 373 2316 exsule
397 2250 477 2314 datis
499 2249 563 2314 fere
586 2249 794 2314 concordaret.
840 2249 894 2314 sed
924 2250 1007 2314 locos
1035 2251 1237 2334 epistularum
1264 2251 1333 2316 illos

202 2355 310 2420 eodem
329 2359 419 2438 paeto
435 2373 471 2418 ex
486 2354 677 2438 praelatione
700 2354 868 2438 suscriptos
891 2373 959 2419 esse
982 2373 1073 2438 posse
1096 2355 1146 2420 uix
1170 2356 1333 2438 quisquam

201 2461 372 2543 negauerit,
401 2463 432 2524 et
454 2459 604 2523 Faustum
628 2477 736 2523 senem
763 2458 978 2542 grandaeuum
1005 2459 1056 2542 (er
1079 2463 1185 2524 nostra
1208 2479 1334 2544 compu-

201 2565 319 2630 tatione
342 2565 406 2628 iere
429 2563 718 2648 septuagenarium)
741 2566 864 2628 tantum
886 2581 962 2646 opus
985 2564 1155 2629 coniecisse
1175 2565 1252 2628 mihi
1272 2583 1333 2629 uon

201 2669 382 2752 persuadeo,
402 2670 498 2733 immo
513 2669 570 2733 hos
586 2668 681 2733 libros
697 2668 782 2752 prius
799 2687 893 2750 quam
913 2667 1009 2732 libros
1030 2668 1067 2732 de
1087 2669 1188 2752 gratia
1204 2669 1333 2754 scriptos

203 2792 334 2856 eamque
357 2772 396 2838 ob
420 2792 486 2837 rem
510 2791 528 2837 a
550 2771 711 2838 Gennadio
733 2773 835 2856 priore
858 2773 925 2836 loco
948 2773 1059 2836 allatos
1082 2792 1150 2838 esse
1173 2777 1258 2856 puto.

245 2878 385 2944 Secundo
408 2877 474 2943 loco
497 2875 677 2943 Gennadius
699 2878 807 2942 laudat
829 2895 905 2960 opus
934 2877 976 2942 de
1003 2877 1139 2961 gratia,
1166 2879 1247 2960 quod
1274 2897 1335 2960 qua

202 2983 240 3048 de
262 3001 357 3048 causa
379 2983 530 3064 scriptum
554 2983 603 3063 sit,
627 2983 702 3046 satis
725 2985 808 3046 certo
832 2982 955 3046 scimus.
996 2981 1129 3046 Lucidus
1157 2983 1239 3046 enim
1267 2984 1334 3065 qui-

202 3089 275 3153 dam
301 3087 463 3172 presbyter
490 3087 522 3151 iu
550 3087 653 3151 uarios
681 3086 718 3150 de
744 3086 1025 3170 praedestinatione
1053 3085 1102 3150 dei
1124 3104 1242 3150 errores
1265 3105 1334 3170 pro·

202 3193 319 3276 lapsus,
342 3209 532 3274 quamquam
556 3191 691 3255 Faustus
715 3209 785 3254 enm
804 3211 960 3274 promens
984 3187 1088 3252 multo
1110 3199 1139 3252 ct
1162 3187 1335 3253 blandust

203 3293 323 3358 comiti
349 3293 567 3358 conlocutione
590 3315 766 3380 numqaum
784 3293 895 3378 potuit
918 3293 962 3356 ad
989 3293 1080 3358 uiam
1103 3293 1256 3357 ueritatis
1279 3293 1335 3358 od·

203 3401 340 3476 tradere,
368 3401 496 3480 ueritus
525 3419 563 3463 ne
592 3401 707 3464 summi
734 3399 890 3463 antistites
919 3419 952 3463 se
978 3400 1017 3463 ab
1045 3399 1164 3464 unitate
1188 3399 1334 3464 ecclesiae
1377 3475 1380 3480 ¹

203 3505 441 3589 suspenderent,
464 3504 562 3588 petiit,
586 3507 622 3568 ut
643 3523 697 3586 per
713 3503 833 3568 litteras
850 3503 887 3566 de
908 3505 1018 3587 gratia,
1039 3504 1113 3586 quid
1133 3504 1334 3569 statuendum

203 3614 296 3690 esset,
320 3628 338 3674 a
361 3609 476 3674 Fausto
500 3608 686 3673 edoceretur.
723 3609 771 3671 cui
794 3607 944 3672 desiderio
968 3607 1120 3673 satisfecit
1142 3607 1276 3674 Faustus
1304 3613 1335 3672 et

202 3715 322 3780 litteras
346 3713 430 3778 dedit
453 3714 490 3778 ad
514 3713 664 3776 Lucidum
692 3715 860 3777 recensitas
883 3733 901 3776 a
924 3711 1013 3777 nobis
1036 3733 1065 3796 p.
1084 3711 1143 3776 161
1162 3732 1240 3796 sqq,
1268 3714 1335 3795 qui-

202 3817 260 3883 bus
288 3819 340 3883 ille
368 3817 507 3901 exposita
533 3817 672 3882 doctrina
699 3817 851 3881 catholiea
882 3817 1075 3898 admonetur,
1106 3817 1273 3882 utstatim
1302 3837 1335 3882 se

202 3927 256 3989 aut
278 3923 413 4006 recipere
436 3927 491 3986 aut
513 3941 658 4004 respuere
682 3941 751 3986 eam
774 3921 973 4004 respoudeat:
1008 3939 1102 4003 quam
1125 3922 1178 4003 qui
1201 3939 1262 3986 non
1286 3941 1335 3986 se-

202 4033 325 4112 quatur,
353 4027 482 4112 dignum
506 4045 567 4090 uon
591 4045 669 4108 osse,
697 4027 749 4109 qni
773 4027 803 4090 iu
827 4026 976 4090 ecclesiae
998 4027 1115 4109 gremio
1143 4030 1333 4110 permaneat.

202 4133 287 4198 addit
310 4133 443 4198 Faustus
467 4150 500 4194 se
524 4131 679 4213 exemplar
706 4131 858 4214 epistulae
884 4131 1016 4195 retinere
1044 4135 1085 4212 et,
1114 4131 1173 4195 nisi
1200 4131 1334 4196 Lucidus

202 4237 368 4320 epistulam
385 4235 593 4319 subscriptam
611 4253 680 4299 mox
701 4237 852 4314 remittat,
874 4235 955 4299 illius
972 4253 1097 4300 causam
1115 4235 1153 4300 ad
1170 4236 1334 4300 concilium

201 4341 376 4406 antistitum
400 4341 574 4405 delaturum
599 4359 666 4402 esse
690 4341 732 4420 (p.
753 4337 858 4418 164,1
877 4337 968 4420 sqq).
