3268 5142
294 469 358 534 336
736 469 801 523 1111.
820 469 928 524 Sermo
946 471 987 526 28.

293 645 415 710 terioris
448 645 710 728 pulchritudinem
749 645 862 708 mantis
902 645 1016 709 candor
1050 644 1210 710 effuderat.
1265 645 1321 710 tali
1355 664 1429 710 eum

294 750 384 814 uultu
400 769 440 810 aa
455 749 632 830 praesentia
647 749 760 832 angeli,
777 750 829 830 qui
844 749 964 813 uiderat
978 749 1088 814 faeiem
1105 749 1162 813 dei.
1197 749 1342 815 uiderunt
1356 769 1429 834 ergo

293 854 400 918 Iudaei
423 853 534 918 faciem
560 854 624 918 eius
640 857 802 935 tamquam
817 854 930 918 faciem
945 855 1059 938 angeli.
1088 872 1203 938 magna
1217 854 1428 919 damnationis

188 971 189 974 ’
294 962 342 1022 est
364 959 473 1042 portio,
497 959 523 1022 si
545 958 648 1040 impiis
672 959 773 1022 soelus
797 975 889 1022 suurn
905 959 1047 1041 ignorare
1070 977 1132 1023 non
1147 959 1248 1022 liceat.
1282 959 1430 1022 uiderunt

254 1092 266 1130 ⁵
294 1063 404 1127 faciem
429 1063 493 1126 eius
517 1067 678 1144 tamquam
701 1063 824 1127 nultum
847 1063 960 1146 angeli,
984 1065 1019 1126 ut
1041 1063 1177 1127 fructum
1200 1063 1261 1127 odii
1285 1064 1343 1143 sui,
1372 1063 1428 1126 sed

293 1167 332 1232 ad
356 1167 545 1232 monendum
568 1185 677 1249 capere
705 1185 765 1232 non
796 1171 934 1250 possent.
980 1167 1054 1231 dum
1083 1167 1178 1232 etiam
1208 1167 1240 1231 in
1270 1169 1428 1250 praesenti

292 1271 424 1356 gloriam
452 1271 527 1351 eius,
558 1289 650 1352 quem
678 1275 922 1354 persequuntur,
956 1271 1137 1353 inspiciunt,
1171 1275 1206 1336 ut
1231 1289 1329 1354 paene
1363 1271 1427 1334 iam

292 1379 413 1457 partem
436 1393 491 1457 per
513 1375 618 1440 oculos
650 1375 836 1458 exciperent,
867 1376 941 1440 dum
973 1393 1055 1456 eum,
1086 1394 1180 1457 quern
1207 1393 1262 1456 per
1289 1375 1427 1439 furorem

293 1499 384 1544 suum
408 1479 605 1562 gratulantur
628 1479 793 1562 exstingui,
817 1499 871 1562 per
894 1479 1099 1544 ministerium
1123 1497 1214 1543 suum
1238 1479 1427 1562 intellegunt

241 1610 266 1650 ιο
292 1584 473 1664 consecrari,
497 1583 642 1646 uiderunt
666 1583 776 1646 faeiem
801 1584 876 1646 eius
915 1583 968 1664 qui
991 1583 1062 1647 talis
1086 1583 1227 1666 apparuit
1248 1583 1279 1646 in
1299 1583 1426 1666 proelio,

292 1691 448 1770 putamus,
472 1687 572 1769 qualis
593 1687 754 1770 apparebit
768 1688 800 1750 in
815 1690 933 1770 regno?
957 1691 1012 1752 aut
1033 1687 1085 1752 ille
1109 1688 1291 1751 meritorum
1312 1686 1426 1750 arbiter

292 1792 378 1871 deus,
402 1791 535 1873 quitali
558 1791 743 1854 morientem
766 1792 868 1874 speeie
891 1791 1058 1870 decorauit,
1082 1791 1176 1872 quali,
1192 1795 1302 1874 putas,
1317 1790 1426 1854 induet

291 1898 528 1980 resurgentem?
572 1895 708 1978 positis
732 1899 853 1960 autern
876 1895 1036 1978 genibus
1058 1896 1181 1960 orauit
1200 1895 1343 1959 dicens:
1366 1895 1425 1959 do-

292 2001 399 2080 mine,
429 2019 473 2064 no
503 2003 648 2064 statuas
675 1999 754 2063 illis
784 1999 852 2063 hoc
881 2003 1084 2083 peecatum.
1129 1999 1229 2064 libens
1261 2017 1317 2081 pro
1341 1999 1424 2062 necis

240 2132 264 2171 ιι
292 2103 565 2174 suaeauctoribus
592 2103 727 2167 moriens
756 2103 911 2184 exorabat,
938 2104 1011 2184 quia
1037 2122 1108 2168 eum
1135 2104 1288 2186 pretiosae
1316 2103 1425 2166 mortis

291 2209 388 2291 gloria
422 2226 484 2272 non
517 2207 645 2272 latebat.
692 2208 825 2288 domine,
859 2227 898 2272 ne
929 2212 1049 2272 statuae
1083 2208 1145 2272 illis
1168 2207 1226 2271 boc
1248 2210 1422 2290 peecatum.

290 2317 433 2396 putasne,
468 2313 548 2394 quod
583 2313 642 2377 iste
676 2313 868 2376 intercedere
901 2329 1051 2394 umquam
1085 2331 1140 2395 pro
1174 2309 1424 2395 supplicantibus

290 2417 420 2496 desinet,
454 2417 507 2499 qui
541 2433 595 2499 pro
625 2415 875 2498 persecutoribus
910 2417 1118 2499 supplicauit?
1163 2417 1216 2498 qui
1250 2416 1332 2480 saris
1366 2416 1424 2480 hoc

290 2521 430 2602 reddidit,
458 2521 531 2602 quid
557 2520 709 2585 retribuet
737 2521 840 2585 uotis?
885 2521 938 2603 qui
961 2521 1116 2604 lapidatus
1144 2520 1322 2600 interuenit,
1349 2521 1424 2601 quid

238 2654 264 2694 sc
291 2625 382 2690 faciet
404 2626 588 2690 inuocatus?

333 2731 426 2794 Hunc
448 2747 521 2813 ergo
544 2747 605 2794 non
630 2729 785 2810 nobilitas
813 2747 876 2794 non
899 2729 1042 2810 facultas,
1070 2728 1123 2792 sed
1147 2728 1223 2792 fides
1250 2729 1301 2793 dei
1322 2728 1424 2793 filium

291 2837 384 2916 atque
407 2834 553 2917 angelum
577 2834 662 2914 fecit,
686 2834 864 2898 credentem
887 2834 994 2915 utique
1017 2833 1048 2897 in
1071 2837 1194 2915 patrem
1216 2836 1248 2896 et
1270 2831 1368 2898 filium
1394 2837 1424 2897 ct

268 2939 270 2946 '
290 2938 435 3020 spiritum
458 2941 611 3024 sanctum.
656 2938 688 3001 in
711 2939 770 3003 bae
785 2939 834 3002 dei
857 2938 1050 3003 confessione
1073 2955 1130 3000 nec
1153 2955 1249 3000 manu
1271 2956 1329 3001 nee
1348 2938 1424 3002 solie

289 3041 380 3106 labiis
404 3041 457 3104 sed
482 3042 632 3124 sanguine
656 3041 838 3126 subscripsit
860 3046 892 3106 et
914 3044 1014 3106 morte
1037 3041 1160 3105 iurauit.

237 3174 263 3213 a
333 3144 391 3210 Sed
420 3145 510 3209 dicis:
543 3147 630 3211 nulla
656 3146 880 3230 scripturarum
902 3145 1071 3210 auctoritas
1094 3145 1239 3226 loquitur,
1268 3149 1303 3210 ut
1324 3145 1425 3210 honor

290 3248 479 3332 martyribus
503 3249 668 3314 deleratur.
715 3253 745 3314 et
766 3249 820 3314 ubi
842 3253 900 3331 cst,
923 3249 1003 3332 quod
1028 3249 1179 3333 propheta
1200 3268 1255 3332 per
1277 3249 1424 3332 spiritum

289 3357 432 3417 sanetum
461 3357 665 3436 protestatur:
697 3354 784 3418 mihi
814 3357 938 3418 autem
967 3353 1076 3418 ualde
1099 3352 1304 3418 honorandi
1335 3357 1424 3417 suut

288 3457 397 3521 amici
420 3457 483 3536 tui,
507 3457 618 3522 deus?
656 3458 806 3523 maiorem
829 3459 873 3522 eis
896 3458 1046 3522 honorem
1069 3457 1213 3522 exhibere
1233 3475 1294 3521 non
1309 3457 1423 3541 potuit,

264 3579 382 3642 *quarn
416 3578 468 3624 cos
503 3562 618 3626 amicos
648 3562 697 3626 dei
731 3563 958 3646 pronuntiaret,
994 3580 1088 3644 quam
1122 3562 1154 3626 in
1191 3580 1297 3627 eorum
1331 3561 1423 3626 uultu

236 3692 262 3730 sc
288 3666 382 3730 deum
398 3683 431 3729 ee
454 3665 592 3730 crederet
614 3666 773 3731 honorare.
812 3667 890 3730 mihi
913 3670 1018 3731 autem
1043 3665 1132 3730 ualde
1155 3666 1325 3731 honorandi
1348 3669 1424 3730 suut

288 3771 380 3834 amici
395 3769 450 3851 tui,
474 3769 562 3852 deus,
584 3770 642 3834 boc
662 3773 719 3850 est,
742 3774 806 3852 tua,
829 3770 962 3852 domine,
985 3769 1140 3836 beneficia
1160 3770 1192 3833 in
1208 3775 1332 3834 tuorum
1355 3788 1424 3834 me·

287 3873 354 3938 ritis
377 3874 557 3958 amplector,
581 3878 635 3939 tua
657 3893 787 3940 munera
809 3875 841 3938 in
861 3893 968 3940 eorum
984 3873 1154 3939 uirtutibus
1178 3874 1313 3938 admiror
1335 3876 1367 3938 et
1388 3875 1424 3940 in

392 4065 437 4134 13]
455 4065 515 4120 not.
528 4067 552 4130 7,
566 4067 607 4122 59.
660 4064 705 4134 27]
724 4063 822 4119 Psalm.
838 4065 895 4130 138,
910 4067 951 4120 17.

329 4240 346 4295 2
365 4241 439 4296 loce
456 4245 599 4309 commisce
652 4241 669 4294 3
687 4237 883 4308 dampnationis
902 4238 929 4292 P
980 4240 996 4294 6
1014 4241 1124 4308 possent
1140 4240 1245 4309 scripsi.
1267 4237 1372 4307 possint
1396 4240 1437 4294 P-

288 4326 410 4414 Quaeri
427 4328 534 4396 scripsi,
552 4325 637 4394 qualis
655 4327 683 4381 P
752 4329 783 4382 18
801 4324 1036 4394 persequutoribus
1059 4327 1088 4380 P
1155 4329 1189 4382 30
1211 4325 1289 4379 deum
1311 4327 1424 4398 scs-iffi,

286 4413 333 4468 dni
352 4414 379 4468 P
428 4415 462 4468 82
480 4412 607 4466 ammiror
624 4413 652 4467 P
