3268 5142
639 463 703 519 1111
724 466 833 520 Sermo
851 471 892 524 31.
1273 474 1335 538 347

199 633 332 700 dicimus
355 639 476 719 patrem
499 641 530 704 et
553 638 654 704 filium
676 645 708 705 et
730 641 874 726 spiritum
897 649 1052 726 sanctum,
1075 665 1114 711 ne
1138 651 1168 713 te
1189 630 1335 714 aestimes

199 757 295 803 unam
327 741 451 806 credere
482 742 594 808 debere
624 764 800 829 personam.
845 749 923 813 item
953 749 1085 816 dicimus
1112 771 1211 817 unum
1234 754 1337 835 deum,

199 862 239 908 ne
262 848 353 927 putes
377 850 440 911 tres
464 867 532 912 esse
555 851 693 914 naturas.
739 852 771 916 in
794 851 843 917 his
865 853 971 936 itaque
994 855 1093 920 tribus
1116 859 1257 938 personis
1280 877 1338 922 nu·

199 966 305 1012 merus
322 969 389 1014 esse
405 954 519 1034 potest,
543 952 616 1018 ordo
633 973 701 1019 esse
717 973 779 1020 non
794 961 906 1040 potest.
942 977 1015 1023 nam
1032 961 1090 1025 etsi
1106 961 1337 1028 distinctionem

199 1053 312 1135 recipit
341 1055 477 1138 trinitas,
507 1057 639 1142 gradum
668 1062 773 1125 tamen
796 1062 898 1127 nescit
920 1065 1101 1146 aequalitas.
1145 1067 1177 1132 in
1201 1068 1338 1134 trinitate
1378 1097 1391 1136 s

200 1157 285 1222 enim
308 1178 371 1224 non
398 1163 446 1225 est
476 1165 530 1227 aut
559 1163 665 1228 minus
696 1165 813 1248 aliquid
843 1171 898 1232 aut
928 1171 1039 1252 maius,
1070 1173 1153 1254 quia,
1177 1173 1258 1236 siin
1283 1173 1338 1238 deo

200 1262 318 1344 aliquid
333 1265 437 1330 minus
454 1265 576 1348 dicitur,
597 1268 779 1352 imperfecta
795 1271 940 1338 diuinitas
957 1279 1131 1354 accusatur,
1153 1276 1198 1341 ita
1221 1281 1337 1360 tamen,

200 1367 292 1450 quod,
322 1369 374 1450 qui
404 1369 436 1434 in
467 1370 582 1436 deitate
611 1373 765 1439 minorem
794 1380 884 1459 patre
914 1383 969 1444 aut
998 1379 1062 1444 filio
1089 1380 1164 1445 dicit
1194 1381 1338 1464 spiritum

200 1476 354 1555 sanctum,
385 1493 448 1540 non
470 1477 516 1541 illi
539 1479 661 1542 tantum
686 1479 832 1546 iniuriam
855 1481 938 1564 facit,
968 1502 1061 1566 quem
1085 1485 1237 1550 minorem
1259 1486 1339 1550 iudi-

199 1581 261 1658 cat,
284 1579 339 1642 sed
360 1579 406 1644 illi
422 1581 527 1662 etiam,
551 1601 644 1666 quem
661 1584 810 1650 maiorem
824 1589 925 1670 putat,
949 1589 1030 1671 quia,
1053 1607 1125 1654 cum
1140 1591 1235 1655 totius
1252 1591 1338 1656 trini-
1366 1618 1391 1658 ιο

199 1682 273 1747 tatis
296 1701 360 1747 una
379 1686 552 1766 aequalitas
568 1688 609 1753 sit
625 1691 717 1772 atque
733 1690 892 1772 maiestas,
915 1693 1061 1775 quioquid
1077 1695 1284 1760 contumeliae
1306 1697 1338 1761 in

199 1811 367 1878 personam
389 1793 482 1858 unius
506 1793 626 1875 dicitur,
650 1812 669 1859 a
691 1799 757 1860 tota
779 1797 949 1880 aequaliter
972 1798 1110 1864 trinitate
1132 1800 1275 1865 sentitur.

243 1899 309 1966 Nos
338 1918 423 1981 uero,
455 1901 620 1982 carissimi,
652 1901 705 1982 qui
728 1903 881 1984 templum
905 1903 1005 1968 sancti
1028 1903 1157 1987 spiritus
1181 1924 1249 1969 esse
1274 1924 1339 1969 me·

200 2005 332 2086 ruimus,
355 2005 523 2070 adiuuante
539 2006 607 2088 ipso
622 2006 733 2089 spiritu
749 2011 856 2072 sancto
871 2025 1017 2092 paremus
1034 2007 1172 2090 domum,
1196 2010 1228 2074 in
1244 2029 1339 2092 quam

201 2111 290 2175 illum
321 2109 437 2190 uonna,
466 2110 499 2174 in
528 2128 590 2192 qua
620 2111 753 2176 delectet
778 2111 929 2176 habitare.
974 2113 1086 2178 inuitet
1107 2113 1216 2179 mundi
1239 2114 1339 2180 cordis
1367 2140 1392 2181 rs

201 2216 293 2296 nitor,
324 2215 469 2280 sollicitet
491 2216 580 2280 illum
602 2235 658 2300 par
680 2217 866 2282 rubentibus
888 2219 967 2284 rosis
991 2223 1095 2284 castus
1117 2218 1226 2302 pudor,
1255 2219 1340 2284 solli-

201 2319 279 2384 citet
299 2319 504 2386 madentibus
527 2322 599 2386 liliis
623 2325 655 2386 et
677 2322 769 2387 odore
791 2323 901 2388 similis
925 2327 957 2388 et
978 2324 1079 2388 colore
1095 2322 1340 2388 incontaminata

118 2415 121 2422 '
202 2425 374 2509 uirginitas,
406 2426 558 2510 suscipiat
589 2427 680 2492 illum
710 2427 847 2513 benigna
876 2429 998 2510 caritas,
1032 2428 1211 2493 humanitas
1241 2429 1339 2510 larga,

202 2529 344 2594 sublimis
368 2529 539 2612 humilitas
563 2530 671 2596 hilaris
695 2531 916 2613 misericordia,
938 2551 1018 2616 pura
1033 2533 1226 2616 simplicitas.
1261 2531 1339 2596 nihil

202 2633 244 2698 ibi
267 2633 305 2698 de
327 2635 420 2718 prisci
442 2636 578 2700 hominis
601 2634 754 2717 sordibus,
782 2636 860 2702 nihil
883 2637 920 2701 de
943 2637 1078 2719 lapsuris
1101 2635 1338 2701 infirmitatibus
1365 2665 1390 2704 rc

202 2743 347 2804 aeternus
370 2739 537 2822 habitator,
566 2741 758 2807 aeternitatis
781 2743 909 2826 largitor
930 2742 1079 2807 inueniat.
1125 2742 1251 2808 recedat
1272 2745 1338 2806 tur·

201 2830 350 2929 pissimae
373 2847 544 2930 uoluptatis
567 2847 698 2928 luxuria,
725 2847 846 2932 pallens
869 2848 1068 2928 conscientia,
1100 2847 1200 2912 tristis
1224 2851 1337 2928 metus,
1438 2914 1440 2920 ,

203 2953 318 3014 nutans
342 2949 475 3014 ebrietas
499 2954 531 3016 et
553 2950 649 3016 libido
673 2951 757 3016 omni
779 2952 905 3017 horrore
929 2951 1105 3032 deformior,
1136 2955 1181 3033 ut,
1212 2969 1283 3016 cum
1305 2952 1338 3015 in

203 3058 293 3124 nobis
320 3059 382 3124 ista
409 3057 573 3138 defuerint,
603 3058 706 3122 locum
730 3057 899 3122 uirtutibus
922 3056 1068 3140 praeuius
1090 3057 1233 3138 puritatis
1258 3057 1339 3121 nitor

204 3165 345 3249 aperiens
373 3163 516 3246 spiritum
544 3167 687 3227 sanctum
715 3162 747 3227 in
771 3161 963 3226 domicilium
985 3163 1113 3245 paratae
1137 3159 1196 3225 sibi
1217 3161 1339 3226 habita·
1366 3185 1393 3226 rs

204 3269 295 3334 tionis
325 3267 473 3333 includat.
519 3268 577 3332 hoc
608 3272 713 3332 autem
744 3267 812 3332 ideo
843 3266 1069 3351 suggessimus,
1100 3265 1264 3346 carissimi,
1294 3269 1339 3346 ut,

204 3377 356 3456 quantum
378 3390 555 3456 possumne,
579 3373 653 3437 totis
677 3371 795 3436 uiribus
818 3391 890 3436 cum
913 3371 962 3436 dei
984 3371 1134 3436 adiutorio
1150 3369 1339 3451 laboremus,

204 3498 243 3543 ne
266 3479 298 3543 in
321 3477 411 3542 nobis
434 3482 489 3543 aut
510 3477 642 3542 auaritia
663 3477 827 3560 displiceat
848 3481 904 3541 aut
925 3475 1091 3540 infidelitas
1114 3475 1264 3560 langueat
1286 3478 1341 3539 aut

203 3583 297 3648 libido
320 3581 488 3663 sordescat,
512 3581 565 3646 sed
589 3581 746 3646 emendati
768 3581 894 3665 penitus
917 3599 954 3646 ac
972 3581 1041 3664 puri
1056 3579 1269 3646 habitaculum
1291 3579 1340 3643 dei

205 3687 285 3752 ellici
314 3705 491 3752 mereamur
521 3691 553 3752 et
580 3687 706 3770 spiritus
730 3691 867 3768 sanctus,
898 3686 950 3768 qui
974 3685 1170 3750 descendisse
1192 3684 1284 3750 hodie
1307 3684 1339 3748 in
1366 3709 1394 3750 ro

204 3792 359 3874 apostolos
389 3791 513 3876 legitur,
544 3809 667 3873 semper
697 3791 730 3855 iu
758 3790 846 3856 uobis
869 3790 1012 3856 habitare
1035 3789 1189 3874 dignetur,
1220 3788 1270 3853 eui
1293 3791 1341 3852 est

204 3897 301 3961 honor
321 3900 353 3960 et
368 3895 468 3979 gloria
483 3913 555 3960 cum
570 3899 658 3979 patre
675 3898 706 3960 et
720 3893 784 3960 filio
799 3896 830 3960 in
847 3894 971 3960 saecula
986 3893 1190 3958 saeculorum.
1225 3891 1338 3956 Amen.

249 4091 304 4145 let
315 4095 378 4145 aule
389 4088 475 4142 filium
487 4087 579 4146 ocull
622 4086 768 4142 estimesR
811 4085 1148 4152 8deitatoR(eiinroo.)
1197 4086 1229 4140 16
1241 4084 1341 4153 parsR

204 4179 237 4233 22
259 4175 405 4246 uoluptatis
426 4177 532 4246 scripsi,
556 4173 703 4230 uoluntatis
726 4175 754 4230 R
823 4175 857 4229 23
880 4171 994 4244 ebrietas
1010 4172 1053 4228 do
1124 4173 1158 4228 24
1184 4172 1292 4241 preuius
1314 4172 1341 4226 R

204 4267 237 4320 25
255 4265 346 4334 parate
363 4263 391 4319 R
443 4265 477 4319 26
495 4261 597 4331 eutem]
616 4261 686 4314 enim
706 4261 768 4316 Mai
