3320 5140
338 469 454 524 XLVIII
780 469 1022 539 Prolegomeua.

340 665 437 727 aeque
465 664 501 709 ac
527 646 650 727 codicis,
682 665 774 729 quem
802 649 908 711 statim
935 647 1111 728 afferemus,
1142 667 1178 711 eu
1200 647 1347 711 Kruschii
1375 647 1469 710 adno-

338 751 456 814 tatione
478 750 584 814 critica
606 750 846 834 desumpsimus,

383 852 1467 920 CodenParisinusbibliothecaenationalislatinus

340 978 369 1022 n.
389 956 490 1021 12097
515 958 603 1043 (61116
618 957 895 1044 Sangarmanensis
911 979 941 1024 u.
958 957 1031 1040 936,
1054 959 1249 1024 corbeiensis
1265 979 1294 1023 6.
1311 957 1366 1042 26)
1387 977 1466 1022 saec.

339 1063 568 1147 vl-vl1ffl),
589 1064 626 1127 de
641 1082 701 1146 quo
718 1064 922 1128 conserendus
938 1063 1085 1128 Maassen
1100 1065 1120 1128 l.
1137 1064 1157 1126 l.
1175 1061 1279 1144 11168,
1301 1063 1467 1146 epistulam

338 1167 462 1231 Paulini
485 1167 523 1232 ad
546 1168 698 1232 Faustum
721 1167 878 1250 (66.11Π)
902 1167 1033 1232 exhibet.

382 1271 522 1352 Denique
545 1271 663 1335 codices
686 1271 824 1354 plerique
846 1271 993 1335 Mamerti
1010 1271 1178 1352 Claudiani,
1202 1271 1373 1352 dequibus
1396 1272 1468 1334 oon-

340 1375 470 1438 sulenda
492 1379 541 1440 est
564 1375 655 1440 editio
672 1375 833 1440 Claudiani
856 1394 926 1439 mea
950 1375 1165 1458 (Uindobonae
1188 1373 1294 1458 1886),
1318 1375 1467 1457 epistulae

340 1479 449 1542 tertiae
471 1479 674 1562 posteriorem
696 1483 817 1561 part-em
846 1478 930 1562 (inde
953 1499 971 1543 a
993 1480 1097 1544 uerbis
1120 1499 1149 1561 p.
1169 1477 1276 1559 173,9
1302 1477 1468 1563 praecipis

339 1592 376 1644 61
391 1580 614 1667 respondeum)
636 1583 835 1666 suppeditant
849 1583 903 1667 (ci.
920 1601 1014 1666 supra
1033 1604 1063 1667 p.
1076 1584 1159 1668 XX),
1176 1599 1305 1665 quorum
1321 1584 1467 1646 lectiones

339 1687 479 1766 selectas,
508 1703 592 1768 quae
610 1687 648 1750 ad
671 1687 861 1752 1616166616
884 1687 1078 1768 uidebantur,
1105 1689 1137 1751 in
1160 1688 1218 1752 hac
1241 1687 1373 1750 editione
1396 1703 1467 1750 666-

339 1792 474 1854 tanimus
498 1794 529 1854 et
552 1791 733 1873 compendio
757 1791 790 1855 M
814 1792 1115 1875 comprehendimus.

382 1895 558 1958 Dolendum
581 1899 638 1975 est,
661 1895 742 1977 quod
765 1897 903 1960 nondum
925 1897 1038 1978 prodiit
1060 1897 1152 1960 editio
1175 1896 1281 1960 critica
1295 1894 1466 1973 Hinomari,

339 1999 437 2080 quiin
453 1999 531 2062 libro
547 1998 584 2062 de
599 1999 878 2080 praedestinatione
895 2001 942 2064 dei
959 2004 991 2064 et
1005 2000 1101 2064 libero
1118 2000 1244 2064 arbitrio
1260 2018 1285 2063 c.
1302 1999 1317 2060 l
1335 1999 1465 2081 (Migne,

338 2102 454 2166 Patrol.
470 2103 524 2166 lat.
542 2102 655 2168 CXXV
679 2102 733 2186 79)
764 2103 840 2168 duas
863 2104 981 2186 primas
1004 2104 1112 2168 Fausti
1135 2108 1167 2168 et
1188 2103 1297 2167 Lucidi
1320 2103 1466 2184 epistulas

339 2207 466 2288 praebet
489 2205 652 2290 (utsupra
673 2227 702 2290 p.
719 2207 817 2291 XIV).

381 2311 485 2392 Atque
515 2311 609 2375 codex
637 2310 657 2376 S
684 2312 958 2395 neglegentissime
987 2313 1111 2394 quidem
1142 2314 1275 2396 scriptus
1307 2315 1363 2391 est,
1393 2329 1465 2374 nam

338 2415 482 2479 librarius
506 2417 629 2500 singula
652 2415 749 2480 uerba
775 2415 1046 2498 (16161619.
1070 2417 1210 2498 16611.
1234 2413 1371 2496 167,10.
1396 2413 1465 2493 174,

338 2518 402 2583 a4
419 2520 490 2603 616.)
513 2522 562 2584 661
584 2521 677 2584 611661
699 2522 871 2585 sententias
895 2521 1047 2604 (167,19.
1068 2521 1137 2602 174,
1150 2521 1179 2586 6.
1199 2519 1270 2601 175,
1287 2522 1311 2584 l.
1332 2517 1403 2600 178,
1415 2517 1465 2581 22.

341 2623 445 2705 179,3
462 2624 533 2708 616.)
563 2625 679 2704 6611611,
708 2627 835 2689 6666166
861 2626 941 2690 16166
969 2627 1086 2691 addidit
1113 2625 1156 2708 (et
1187 2621 1465 2705 1666111611.

339 2749 376 2790 cn
394 2727 464 2810 181,
478 2727 507 2809 6,
524 2727 861 2813 666666192,6616.)
878 2731 995 2794 scilicet
1011 2750 1046 2794 61
1062 2731 1198 2814 proxima
1215 2727 1466 2793 antemdentibus

337 2853 392 2916 per
408 2834 575 2897 memoriae
590 2834 713 2917 lapsum
729 2834 887 2916 repetitas,
910 2835 1032 2899 uocales
1048 2835 1186 2916 aliasque
1201 2835 1320 2898 litteras
1339 2833 1420 2896 inter
1434 2851 1467 2895 se

338 2938 487 3018 confudit,
511 2938 704 3021 exemplaria,
728 2939 810 3020 quod
833 2939 1006 3022 descripsit,
1029 2938 1125 3003 uerba
1147 2943 1201 3003 aut
1224 2938 1304 3002 male
1324 2937 1400 3020 legit
1415 2941 1468 3000 aut

338 3043 506 3106 oscitanter
529 3041 856 3127 scribendoreddidit,
878 3046 914 3106 61
935 3043 1077 3125 inprimis
1100 3061 1212 3106 uocum
1235 3041 1466 3105 terminationes

337 3147 449 3226 partim
480 3164 605 3229 prorsus
635 3147 814 3230 neglegeret
835 3148 950 3230 partim
973 3151 1192 3230 corrumperet,
1223 3165 1354 3228 quorum
1383 3164 1467 3210 men-

337 3251 447 3314 dorum
470 3251 610 3333 exempla
633 3250 742 3314 afferre
765 3251 815 3314 uix
837 3269 914 3332 opus
938 3256 996 3332 est,
1020 3269 1091 3314 cum
1111 3251 1266 3332 66661616
1282 3267 1466 3330 unaquaque

337 3359 461 3418 nostrae
485 3355 627 3418 editionis
650 3355 765 3438 pagina
786 3359 948 3420 occurrant
969 3355 1205 3437 inquirentibus.

381 3457 439 3522 Sed
463 3457 483 3523 S
506 3476 695 3540 quamquam
718 3463 764 3522 tot
785 3459 942 3540 tantisque
965 3460 1147 3542 corruptelis
1171 3462 1278 3538 scatet,
1302 3461 1407 3523 tamen
1432 3475 1466 3520 ex

337 3563 442 3627 codice
468 3563 604 3645 optimae
632 3566 723 3627 notae
751 3563 900 3646 originem
927 3565 1029 3644 116111,
1059 3564 1090 3627 id
1117 3564 1198 3646 quod
1223 3563 1467 3628 luculentissime

338 3667 543 3731 demonstrari
566 3671 678 3749 potest,
708 3668 735 3730 si
765 3668 998 3733 adnotationem
1022 3668 1160 3732 criticam
1184 3668 1294 3732 tertiae
1318 3667 1467 3750 epistulae

337 3772 574 3854 perlustramus,
605 3790 684 3854 quae
712 3791 747 3834 61
774 3777 861 3855 66116
888 3773 919 3836 16
947 3772 1093 3836 Mamerti
1121 3771 1284 3836 Claudiani
1311 3771 1466 3836 codicibus

338 3879 446 3940 616161.
485 3875 528 3940 ibi
551 3877 634 3940 enim
657 3895 728 3941 cum
752 3876 889 3940 codicem
911 3877 1064 3960 optimum
1088 3876 1250 3941 Claudiani
1273 3876 1467 3958 Lipsiensem

338 3981 439 4044 solum
459 3997 693 4062 nonnumquam
714 3999 785 4044 cum
802 3979 822 4045 S
838 3981 1013 4063 conspirare
1029 3980 1172 4045 uidemus
1188 4017 1230 4027 -
1245 3981 1317 4044 uelu
1346 4000 1375 4064 p.
1396 3977 1466 4060 173,

340 4083 376 4145 11
401 4105 474 4160 nco,
501 4082 882 4165 17ὃ,1366611666666
904 4083 1167 4170 (6611666666),
1193 4083 1317 4166 177,13
1339 4105 1372 4145 ae
1394 4101 1466 4164 om,

339 4186 478 4268 171111,
506 4187 559 4252 ubi
587 4207 694 4254 omnes
718 4189 880 4254 Claudiani
905 4188 977 4252 libri
1004 4209 1148 4274 66666666
1175 4188 1319 4253 exhibent
1345 4191 1467 4271 praeter

336 4291 539 4374 limiensem,
570 4293 621 4374 qui
644 4314 824 4378 copucaccrc
847 4293 984 4377 praebet,
1015 4294 1096 4376 quod
1123 4314 1177 4376 per
1205 4295 1316 4358 calami
1343 4295 1465 4376 lapsum

337 4415 373 4460 61
389 4399 523 4489 genuina
537 4398 669 4462 lectione
685 4417 866 4482 1666666166
881 4396 929 4481 (S)
946 4402 1055 4462 natum
1072 4401 1186 4480 661-,
1209 4403 1276 4462 tum
1292 4398 1375 4463 haud
1398 4415 1467 4462 raro
