3264 5134
300 365 341 432 72
761 365 782 420 I.
801 365 847 420 Da
864 365 972 436 gratia

301 541 460 625 probatur,
493 543 524 606 in
554 542 674 606 iuniore
704 541 781 606 fides
812 541 939 626 gentilis
970 542 1103 626 eligitur.
1142 542 1249 624 itaque
1278 542 1345 626 ipse
1376 543 1435 607 sibi

300 647 426 711 obducit
452 646 645 730 ignorantiae
676 645 821 726 nebulas,
853 647 905 728 qui
935 665 997 712 non
1028 651 1094 711 tam
1124 647 1286 730 scripturis
1317 647 1433 712 sanatis

300 751 426 834 sequaci
457 771 551 816 sensu
582 771 614 815 se
646 751 876 832 accommodat,
912 769 1007 834 quam
1042 751 1210 834 scripturas
1241 753 1365 817 sanctas
1396 751 1434 816 ad

300 856 495 920 intellectum
518 874 610 920 suum
638 855 789 944 uiolenter
816 855 980 920 adtrahere
1008 858 1039 921 et
1064 856 1300 940 praesumptius
1326 855 1435 921 nititur

261 989 274 1028 s
302 961 457 1044 applicare
485 963 517 1025 et
542 960 573 1023 id
600 959 660 1024 sibi
686 979 741 1043 pro
765 963 858 1042 captu
881 980 936 1026 suo
959 961 1077 1026 omissa
1106 961 1359 1045 praecedentium
1385 961 1436 1025 uel

301 1065 498 1147 sequentium
527 1065 645 1128 ratione
675 1065 851 1148 persuadet,
886 1064 967 1128 unde
1001 1066 1125 1148 penitus
1158 1065 1243 1147 loqui
1277 1065 1434 1148 apostolus

300 1187 363 1234 non
386 1169 529 1234 instituit.
568 1169 649 1251 quod
669 1170 696 1233 si
716 1169 754 1234 ad
774 1169 899 1254 capituti
922 1169 1030 1253 ipsius,
1053 1170 1091 1234 de
1114 1188 1174 1252 qno
1198 1170 1310 1254 agitur,
1332 1188 1435 1235 recur-

299 1292 351 1338 ras
375 1274 544 1354 exordium,
572 1292 664 1338 omne
691 1273 808 1355 absque
836 1274 900 1338 ulla
926 1274 1111 1338 difficultate
1139 1273 1308 1339 declinabis
1337 1273 1435 1338 ambi-

300 1397 407 1462 gnum.
458 1379 485 1442 si
523 1378 673 1461 magister
710 1379 853 1462 gentium
893 1378 930 1442 de
963 1379 1072 1462 genesi
1105 1379 1268 1443 hominum
1302 1381 1434 1443 tractare

250 1509 274 1549 ιο
300 1483 455 1564 coepisset
482 1485 513 1546 at
540 1482 655 1546 diceret
680 1482 798 1547 homini
825 1483 920 1547 totius
943 1483 1026 1547 uitae
1050 1501 1176 1547 cursum
1203 1483 1321 1566 origine
1347 1501 1435 1566 prac-

300 1586 425 1651 finitum
456 1589 487 1650 et
517 1586 616 1669 magis
647 1587 827 1651 necessitati
857 1585 1026 1667 subditum,
1058 1605 1152 1668 quam
1182 1586 1278 1653 libero
1308 1587 1434 1652 arbitrio

300 1691 396 1755 fuisse
427 1691 629 1754 commissum
661 1708 707 1771 eo,
739 1691 819 1773 quod
850 1691 994 1755 dominus
1022 1692 1163 1755 omnium
1189 1709 1244 1774 pro
1271 1693 1434 1773 potcstatis

301 1799 378 1860 nutu
417 1795 614 1876 uiolentoque
652 1795 774 1860 decreto
813 1797 890 1860 alios
925 1796 1114 1878 relinqueret
1148 1796 1187 1860 ad
1220 1796 1434 1879 perditionem,

300 1901 376 1964 aiios
400 1899 527 1982 eligeret
549 1899 588 1963 ad
610 1901 756 1980 salutern,
779 1903 854 1964 tuno
878 1901 1008 1964 forsitan
1029 1901 1116 1964 uelut
1134 1919 1189 1982 per
1209 1901 1307 1965 lineas
1328 1901 1435 1964 decur-

249 2029 273 2068 a
300 2008 404 2068 rentes
434 2004 569 2068 colorem
601 2003 684 2068 hunc
714 1997 820 2086 iniqua
848 2004 1009 2088 persuasio
1041 2008 1148 2088 posset
1178 2022 1325 2069 asserere.
1364 2023 1435 2069 eum

298 2127 372 2173 uero
400 2109 559 2191 apostolus
581 2109 803 2190 promissiones
826 2109 876 2172 dei
899 2113 930 2172 et
951 2109 1147 2173 uocationem
1174 2110 1315 2192 gentium
1342 2109 1434 2173 altius

298 2213 438 2296 repetitis
468 2215 553 2278 terat
583 2213 732 2296 erenrplis
763 2217 795 2278 et
821 2213 1008 2277 Iudaeorum
1037 2214 1323 2297 praesumptionem
1352 2215 1436 2278 omni

299 2318 389 2382 modo
421 2317 613 2400 conprimere
644 2317 777 2398 studeat,
809 2318 862 2400 qni
888 2317 1018 2400 inprobe
1046 2317 1083 2382 de
1110 2317 1187 2401 legis
1215 2317 1360 2401 operibus
1388 2319 1434 2383 in-

298 2421 528 2502 tumescebant,
559 2441 621 2486 non
644 2423 676 2485 in
699 2423 816 2506 origine
839 2423 996 2486 seniorum
1019 2423 1175 2486 ismahele
1198 2423 1249 2486 uel
1271 2423 1356 2487 Esau
1383 2424 1434 2488 dc-

246 2553 272 2591 ao
298 2530 418 2591 cretum
450 2527 544 2590 fatale
575 2527 747 2608 constituit,
779 2527 832 2591 sed
862 2529 894 2591 in
924 2527 1136 2591 benedictione
1164 2527 1253 2591 Isaac
1284 2531 1316 2592 et
1342 2527 1433 2593 Iacob

299 2632 482 2695 electionem
503 2631 609 2714 popuii
629 2632 758 2696 iunioris
775 2631 911 2696 ostendit
926 2635 959 2695 et
973 2635 1137 2714 propterea
1152 2632 1305 2696 minorem
1326 2633 1433 2698 maiori

298 2753 359 2799 non
384 2737 470 2799 uelut
492 2733 574 2820 <pro>
596 2737 736 2818 potentia
759 2736 818 2817 dei,
842 2737 898 2800 sed
913 2754 968 2819 pro
983 2737 1104 2800 iustitia
1118 2737 1274 2819 praetulit.
1308 2738 1433 2820 perinde

298 2841 381 2904 enim
404 2841 598 2922 impietatem
620 2841 807 2904 iudaeorum
830 2841 911 2904 sicut
933 2841 1159 2905 oboedientiam
1183 2842 1324 2925 gentium
1347 2861 1434 2925 prae·
1539 2920 1544 2928 ι

298 2943 434 3008 uidebat.
473 2945 545 3026 quia
560 2963 633 3026 ergo
654 2945 740 3008 dicit:
764 2963 845 3008 oum
863 2945 958 3008 enim
975 2945 1134 3008 nondum
1159 2946 1327 3028 egissent
1349 2945 1433 3010 boui

246 3072 272 3112 11
299 3048 442 3130 aliquid
477 3053 539 3113 aut
572 3049 675 3129 mali,
710 3067 780 3113 non
815 3069 855 3112 ex
885 3049 1075 3131 operibus,
1110 3049 1174 3113 sed
1208 3070 1248 3114 er
1278 3054 1434 3115 uocante
1544 3125 1547 3134 ,

299 3152 437 3215 dictum
461 3155 530 3232 est,
562 3153 647 3233 quia
669 3153 785 3216 maior
808 3155 949 3216 seruiet
971 3154 1119 3233 minori,
1150 3173 1186 3217 ex
1213 3159 1344 3218 uocante
1368 3155 1434 3236 qui-

299 3257 368 3319 dem
397 3257 513 3320 dictum
541 3260 598 3336 est,
630 3276 692 3321 non
719 3260 825 3320 tamen
853 3257 892 3320 ad
915 3257 1134 3340 conpellendus
1157 3259 1207 3322 uel
1230 3259 1434 3341 repellendos,

298 3361 352 3424 sed
384 3361 423 3423 ad
450 3361 620 3424 credituros
649 3365 679 3423 ct
706 3379 768 3424 uon
797 3361 967 3425 credituros
994 3362 1111 3426 dictum
1140 3381 1208 3426 csse
1231 3363 1434 3426 manifestum

299 3467 356 3544 est,
384 3468 419 3529 ut
442 3465 548 3528 diuina
570 3463 630 3528 sibi
653 3469 815 3529 constante
838 3465 960 3529 iustitia
982 3466 1021 3528 ad
1044 3465 1177 3530 hominis
1205 3467 1359 3548 pertineat
1382 3485 1435 3531 uo·

146 3589 153 3594 “
247 3593 272 3634 so
298 3570 452 3632 luntatem
487 3570 537 3632 uel
571 3587 722 3633 rennuere
756 3571 806 3634 uei
840 3569 1006 3634 obseruare
1040 3574 1215 3652 praecepta.
1257 3589 1329 3634 cum
1363 3589 1434 3654 ergo

297 3673 400 3736 audis:
425 3674 487 3736 sed
510 3692 550 3736 ex
566 3678 724 3738 uocante
741 3673 880 3738 dictum
897 3679 968 3754 est,
989 3675 1176 3738 inuitantcm
1191 3674 1348 3758 intellege,
1372 3693 1434 3740 non

342 3826 488 3896 lelegitur
506 3828 534 3882 P
584 3827 689 3896 itaquae
708 3829 735 3883 P
787 3828 943 3896 bpaenitus
962 3829 989 3882 P
1041 3827 1190 3896 8absquse
1209 3829 1236 3883 P
1287 3795 1437 3884 declibisP

297 3941 343 4007 (na
360 3958 495 4009 suprascr.
514 3959 586 3996 1111111.
605 3941 664 4008 alt.)
730 3944 762 3996 12
780 3940 942 3994 conmissum
960 3941 988 3995 P
1055 3909 1166 4009 potestis
1184 3943 1212 3995 P
1227 3943 1268 4009 (ta
1286 3960 1357 3997 1111111.
1376 3943 1435 4008 alt.)

299 4028 330 4082 13
357 4025 526 4094 uiolentaque
548 4027 660 4097 saa-ipsi,
687 4027 804 4080 uiolento
827 4041 878 4095 quo
902 4029 929 4082 P
998 4029 1029 4082 14
1054 4027 1176 4082 forsitam
1194 4029 1222 4082 P
1291 4031 1323 4084 15
1347 4031 1436 4104 posset

296 4115 401 4183 11111111,
424 4113 509 4182 possit
531 4115 559 4168 P
627 4131 755 4168 assertore
779 4115 807 4168 P
877 4117 908 4170 18
930 4114 1138 4168 intumiscebaut
1160 4115 1188 4169 P
1255 4117 1287 4170 21
1311 4113 1434 4183 iunioris]

297 4226 441 4282 minor-ise
493 4228 527 4282 aa
544 4243 592 4296 pro
610 4227 716 4291 111111,
736 4227 828 4284 1111)
879 4227 985 4281 iusticia
1004 4229 1031 4282 P
1081 4227 1194 4297 prome
1213 4228 1240 4281 P
1290 4229 1324 4283 ao
1342 4193 1390 4296 e'go
1409 4228 1436 4281 P

296 4317 327 4372 31
348 4313 424 4368 audis
442 4313 488 4368 sed
506 4317 613 4386 scripsi,
632 4315 750 4369 audisset
767 4315 801 4384 P,
821 4313 896 4368 audis
915 4335 931 4371 o
