3264 5134
307 489 350 554 94
529 477 531 482 ,
769 491 790 544 Ι.
810 492 854 545 De
873 492 981 560 gratia

306 666 393 748 petit,
417 666 555 748 inquam,
578 667 637 730 boc
659 665 779 750 legibus
799 667 922 747 nostris
946 670 981 732 ut
996 667 1033 748 ei,
1056 686 1150 749 quem
1165 666 1330 752 glorificari
1345 667 1441 731 etiam

306 788 342 834 ex
376 769 477 834 officio
511 788 567 834 sno
597 771 753 852 nolumus,
788 771 952 836 materiam
984 775 1015 835 et
1044 789 1172 836 causam
1202 771 1318 855 gloriae
1349 771 1441 834 dene-

305 892 425 957 gemus,
449 878 485 939 ut
508 893 590 954 eum,
619 894 712 957 quem
736 875 879 957 cupimus
902 876 1058 939 munerari
1081 895 1137 958 per
1159 875 1274 940 nudam
1297 875 1441 959 gratiam,

306 978 458 1043 faciamus
475 979 633 1044 delabere
648 979 771 1063 proprio
787 979 866 1043 nihil
881 980 1001 1043 mereri.
1031 982 1157 1044 exerant
1168 981 1269 1063 potius
1285 981 1318 1044 in
1330 997 1365 1044 eo
1377 979 1441 1043 sin·

267 1109 279 1148 s
305 1082 436 1165 gillotim
457 1083 558 1148 sociae
579 1083 656 1148 istae
676 1101 904 1167 germanaeque
924 1083 1066 1163 uirtutes,
1087 1087 1214 1148 exerant
1232 1087 1336 1167 partes
1357 1099 1439 1147 snas.

304 1187 460 1268 potentiae
494 1188 536 1252 sit
565 1188 646 1252 inter
676 1191 787 1251 ouncta
818 1186 967 1268 risibilia,
1001 1188 1185 1269 praesertim
1219 1188 1300 1252 inter
1333 1186 1441 1251 hostes

304 1290 520 1356 habitaturum
542 1309 645 1356 meare
669 1290 847 1372 sublimem,
878 1289 1048 1374 sapientiae
1075 1292 1216 1356 ordinare
1245 1291 1441 1374 prudentem,

305 1393 454 1460 bonitatis
478 1395 624 1460 adiuuare
648 1398 830 1476 certantem,
853 1395 991 1460 institiae
1014 1413 1159 1460 coronare
1182 1397 1368 1460 uincentem.

348 1499 458 1564 Talem
489 1517 562 1584 crgo
593 1500 752 1564 hominem
774 1516 829 1583 pro
852 1499 989 1564 utilitate
1013 1501 1061 1564 sui
1083 1518 1119 1564 aa
1141 1519 1196 1584 pro
1220 1501 1317 1564 nostri
1340 1500 1441 1584 digni-

253 1634 277 1671 m
304 1607 369 1668 tate
388 1603 550 1685 iaciamus,
573 1623 666 1687 quem
687 1604 719 1668 in
743 1603 900 1668 dexteram
923 1607 1044 1687 partem
1063 1623 1126 1669 non
1141 1605 1246 1669 trahat
1260 1604 1440 1684 necessitas,

305 1708 361 1772 sed
383 1708 538 1789 colonus,
561 1709 615 1790 qui
638 1709 756 1773 malum
778 1709 898 1772 ratione
913 1708 1084 1793 intellegat,
1108 1707 1226 1773 bonum
1241 1709 1357 1773 uirtute
1372 1727 1442 1792 pcr-

305 1811 398 1876 ficiat.
433 1813 528 1877 talem
542 1812 704 1893 faciamus,
727 1813 776 1877 cni
796 1812 920 1877 bonitas
936 1814 969 1878 in
985 1817 1106 1895 natura,
1131 1813 1251 1878 malitia
1265 1831 1339 1878 uero
1357 1817 1442 1877 extra

305 1919 449 1980 naturam
473 1917 523 1998 sit,
552 1919 604 1999 qui
626 1915 743 1981 bonum
767 1917 799 1980 in
822 1917 995 1998 uoluntate,
1023 1919 1141 1982 mulum
1164 1916 1279 1982 habeat
1300 1918 1332 1981 in
1355 1921 1442 1999 pote·

305 2023 396 2100 state,
420 2021 473 2102 qui
495 2019 612 2085 bonum
634 2021 819 2086 naturaliter
834 2022 919 2102 uelit,
943 2023 1063 2086 malum
1079 2023 1242 2086 actualiter
1257 2022 1366 2105 possit,
1390 2022 1442 2103 qui

254 2155 277 2194 m
306 2125 454 2188 mandata
483 2129 591 2190 nostra
621 2126 774 2190 custodiat
796 2126 992 2190 uoluntarius
1016 2129 1047 2190 et
1069 2126 1237 2208 periclitari
1260 2144 1322 2189 non
1345 2125 1444 2208 possit

306 2229 433 2310 intutae,
464 2230 513 2293 cni
535 2229 636 2312 prima
658 2231 718 2294 ista
740 2231 781 2294 sit
802 2231 902 2294 landis
925 2231 1053 2310 occasio,
1084 2233 1119 2294 ut
1140 2247 1269 2312 peccare
1292 2233 1323 2293 et
1345 2230 1443 2312 possit

306 2336 337 2396 et
369 2334 454 2398 nolit.
501 2333 635 2398 sufficiat
665 2337 781 2414 autem,
816 2335 895 2416 quod
927 2335 959 2398 in
989 2333 1240 2416 quadrupedibus
1271 2337 1302 2398 et
1332 2332 1441 2412 brutiS,

305 2455 384 2520 quae
413 2437 593 2502 subicienda
616 2442 689 2502 sunt
711 2438 838 2518 homini,
870 2439 932 2502 iam
955 2438 1086 2502 fecimus
1109 2439 1171 2502 tale
1195 2437 1320 2518 animal,
1350 2436 1441 2519 quod,

305 2541 379 2606 dum
402 2559 466 2606 non
490 2545 538 2606 est
560 2542 727 2607 obnoxium
751 2543 871 2624 eulpae,
895 2543 1031 2606 fructum
1055 2560 1116 2606 non
1138 2545 1240 2624 potest
1262 2541 1376 2606 habere
1396 2542 1442 2605 iu-

253 2676 279 2715 ro
305 2647 437 2711 stilico·
462 2647 545 2711 hunc
578 2651 683 2712 autem
714 2665 776 2711 non
807 2651 928 2730 oportet
957 2665 1025 2711 esse
1055 2647 1182 2730 pecudis
1212 2647 1359 2726 similem,
1392 2645 1442 2709 eui

305 2752 500 2816 commissuri
511 2771 619 2816 sumus
637 2755 761 2816 nostrae
776 2751 919 2836 imaginis
935 2751 1129 2835 dignitatem.
1154 2751 1380 2834 interrogemus
1396 2767 1441 2828 ea,

305 2875 384 2938 qnae
399 2858 518 2939 peccati
533 2858 638 2922 nescia
653 2875 689 2920 ac
703 2857 833 2921 rationis
849 2857 957 2940 ignara
973 2855 1090 2937 absque
1106 2857 1169 2920 ullo
1189 2855 1371 2938 prudentiae
1387 2854 1442 2918 ho-

304 2977 378 3024 nore
401 2961 614 3025 formanimus.
650 2961 801 3043 numquid
823 2961 959 3044 proderit
980 2960 1089 3043 pecudi
1110 2960 1294 3042 simplicitas
1316 2977 1374 3023 sua
1389 2961 1441 3022 aut

304 3064 407 3129 arbori
430 3065 602 3130 fecunditas
626 3068 703 3129 sua?
741 3083 816 3149 erga
837 3064 999 3129 hominum
1022 3067 1163 3129 nostmm
1186 3082 1247 3128 non
1270 3063 1440 3147 poterimus

252 3195 278 3235 2⁵
304 3169 388 3233 landi
411 3170 549 3234 conferre
572 3170 720 3252 palmam,
748 3171 773 3233 si
796 3170 941 3234 uolumus
961 3169 1139 3233 necessitati
1155 3168 1271 3232 seruire
1286 3172 1439 3232 naturam.

347 3274 440 3338 Hunc
463 3292 536 3358 ergo
559 3274 733 3338 conditione
756 3273 927 3354 subditum,
950 3273 1135 3338 discretione
1154 3273 1298 3353 libemm,
1321 3273 1439 3336 ratione

304 3379 476 3460 perfectum
500 3380 544 3443 ita
566 3379 708 3443 ordinare
730 3395 786 3443 nos
810 3397 943 3461 aequum
964 3382 1015 3442 est
1037 3377 1095 3442 sub
1119 3380 1273 3460 potestate
1288 3376 1441 3460 permissa

305 3487 337 3548 et
365 3483 435 3568 lage
466 3483 634 3567 proposita,
664 3487 699 3547 ut
730 3483 869 3547 custodia
897 3481 1056 3566 praecepti
1087 3481 1188 3546 aditus
1220 3485 1252 3546 et
1281 3481 1440 3545 causa-sit

304 3589 443 3672 praemii.
478 3606 552 3652 nam
576 3588 602 3651 si
624 3588 699 3652 mali
722 3587 842 3670 copiam
866 3605 902 3651 ac
924 3587 1082 3651 licentiam
1104 3603 1167 3650 non
1189 3584 1343 3666 babuerit,
1366 3583 1440 3648 boni

253 3716 279 3756 ao
305 3695 436 3777 gloriam
466 3711 528 3758 non
558 3692 695 3756 habebit.
753 3693 778 3756 si
811 3693 896 3756 insta
928 3691 1171 3756 beniuolentiam
1206 3693 1344 3754 nostram
1378 3707 1439 3754 non

306 3798 400 3862 otiam
432 3815 487 3862 suc
518 3797 617 3862 studio
640 3797 691 3860 uel
713 3795 819 3860 labore
842 3795 1080 3878 praedicabilem
1103 3794 1239 3858 tenuerit
1261 3793 1439 3874 sanitatem,

304 3902 449 3978 nouerit
471 3900 658 3982 innocentia,
689 3900 744 3964 sed
765 3899 886 3981 inertia,
918 3903 949 3964 et
970 3902 1131 3982 praeterea
1153 3899 1327 3982 praemium
1349 3898 1438 3982 perit,

348 4125 456 4196 deum]
476 4086 570 4182 cumo
622 4123 730 4180 dailo
787 4123 935 4192 singilatim
953 4123 981 4178 P
1032 4127 1242 4192 5gormaneqoe
1260 4124 1288 4177 P
1343 4120 1439 4177 'isub-

304 4211 387 4268 limcu
405 4215 433 4268 P
485 4217 515 4269 14
535 4211 611 4266 uellit
629 4213 657 4266 P
709 4215 741 4267 15
758 4210 952 4280 pereclitareP
1003 4213 1034 4266 17
1049 4209 1171 4267 ,nollitP
1225 4213 1256 4266 18
1275 4225 1341 4278 qnae
1359 4228 1440 4265 omo

304 4325 450 4438 arabicisndi
468 4327 495 4380 P
565 4327 597 4380 19
615 4291 696 4378 baben
701 4325 728 4379 P
794 4326 828 4379 22
847 4323 961 4392 absquae
979 4325 1006 4380 P
1074 4323 1129 4376 ulla
1148 4323 1175 4377 P
1237 4325 1271 4378 23
1288 4321 1395 4392 peooodi
1415 4324 1441 4377 P

292 4442 339 4497 '28
357 4439 382 4492 le
399 4440 427 4495 P
