3222 5144
310 404 374 470 280
715 404 780 458 IIII.
800 403 908 458 Sermo
929 407 1036 460 14-15.

311 582 448 660 meliora,
473 581 547 644 dum
571 582 603 644 in
626 585 733 646 nostra
756 585 830 645 sunt
851 585 1006 663 potestate
1029 581 1174 645 remedia.
1213 582 1264 645 liic
1288 584 1441 666 extingua-

312 705 381 750 mus
406 690 538 750 mortem
562 686 721 750 moriendo
743 687 889 768 peccatis
913 687 962 749 hic
978 687 1076 749 uitam
1093 686 1176 750 uitae
1200 687 1318 750 uranii-is
1341 687 1441 768 adqui-

311 811 417 856 ramus
440 811 495 875 per
519 811 601 871 eum,
625 793 763 874 quicum
787 795 874 874 patre
898 792 975 855 uiuit
998 797 1028 854 et
1050 795 1160 875 regnat
1183 793 1359 856 insaecula
1380 810 1441 856 sac·

313 897 462 961 culorum.
486 895 600 960 Amen.

848 1053 916 1118 XV.

641 1199 683 1237 Du
706 1197 825 1239 IEIUNIO
849 1197 1125 1245 Quanaadusfflu.

355 1315 445 1395 Ecce,
469 1315 581 1378 iratres
605 1315 809 1394 dilectissimi,
834 1315 897 1378 dies
914 1315 1169 1399 quadragesimae
1193 1320 1319 1380 sanctae
1335 1321 1365 1381 ei
1386 1316 1441 1398 spi-

313 1421 418 1484 ritales
442 1419 504 1482 iam
528 1419 560 1484 in
582 1420 721 1502 proximo
745 1423 828 1498 sunt,
851 1419 1012 1501 inquibus
1036 1420 1170 1502 corporis
1194 1420 1309 1484 damna
1330 1422 1361 1484 in
1383 1421 1442 1484 ani·

314 1544 384 1588 mae
407 1527 572 1587 transeunt
595 1523 689 1587 luera.
715 1527 746 1587 ct
765 1524 844 1603 ideo,
869 1525 950 1605 quia,
975 1525 1056 1587 sicut
1079 1524 1236 1606 apostolus
1257 1525 1340 1604 dicit,
1362 1531 1441 1588 tem-

263 1654 288 1692 10
314 1649 381 1712 pus
412 1627 645 1709 acceptabile
677 1631 712 1691 et
742 1628 821 1692 dies
854 1628 988 1692 salutis
1019 1629 1201 1708 adueniunt‚
1230 1635 1386 1711 tamquam
1407 1627 1441 1691 ad

316 1734 486 1816 spiritalem
514 1733 704 1796 uindemiam
729 1737 850 1796 nostros
875 1733 996 1796 animes
1024 1751 1245 1816 praeparemus
1270 1739 1302 1798 ct
1328 1735 1368 1798 ita
1394 1751 1442 1795 ua-

315 1857 385 1902 care
410 1837 466 1901 deo
490 1837 681 1916 studeamus,
706 1841 740 1900 ut
764 1837 886 1900 inistis
909 1838 1016 1918 paucis
1037 1837 1157 1917 diebus,
1181 1839 1263 1919 quod
1287 1837 1373 1902 uobis
1394 1855 1442 1920 per

315 1946 418 2006 totum
450 1961 567 2005 annum
599 1941 744 2020 sufficiat,
775 1959 964 2024 congregare
995 1943 1160 2024 possimus.
1208 1943 1245 2006 de
1276 1943 1341 2006 istis
1368 1941 1441 2004 cuim

317 2047 478 2110 dominum
502 2045 610 2109 diebus
634 2046 747 2109 dixisse
771 2045 926 2109 eredimus
950 2065 1005 2128 per
1026 2046 1226 2128 prophetam:
1265 2047 1300 2110 in
1324 2045 1443 2109 diebus

265 2174 290 2214 15
317 2151 599 2214 solemnitatum
638 2155 846 2214 uestrarum
886 2150 1082 2233 adt'ligetis
1117 2151 1259 2214 animas
1298 2155 1441 2214 uestras,

317 2273 411 2337 quare
428 2255 486 2318 hoc
509 2255 603 2318 dixit?
627 2255 698 2336 quia
722 2255 834 2318 ieiunia
857 2259 888 2318 et
911 2255 1035 2338 uigiliae
1059 2259 1090 2318 et
1113 2259 1239 2318 sanetae
1264 2255 1442 2319 adflictiones

316 2359 481 2424 humiliata
511 2377 638 2441 corpora
672 2363 841 2438 macerant,
876 2359 930 2422 sed
965 2360 1121 2423 maculata
1154 2359 1247 2422 corda
1280 2358 1442 2441 purificant,

317 2464 468 2528 membris
501 2463 693 2527 subtrahunt
724 2463 953 2543 fortitudinem,
988 2463 1040 2526 sed
1072 2464 1269 2526 conscientiis
1300 2463 1444 2526 adducunt

318 2571 462 2634 nitorem.
508 2568 694 2632 lassitudine
722 2569 806 2632 enirn
834 2586 997 2650 corporum
1025 2568 1221 2631 redimuntur
1250 2568 1377 2630 crimina
1398 2583 1444 2627 uo·

267 2698 292 2736 ro
318 2675 485 2754 lentatum,
509 2693 563 2756 per
580 2673 673 2736 durae
690 2673 787 2735 crucis
805 2673 949 2735 exercitia
964 2671 1084 2734 luxuria
1101 2673 1150 2734 uel
1166 2671 1268 2734 carnis
1284 2672 1445 2753 puniuntur

319 2779 443 2861 gaudia,
467 2797 502 2841 ac
518 2779 562 2840 sio
586 2777 823 2841 mortificatione
847 2777 1002 2858 praesenti
1026 2777 1146 2840 snonree
1171 2777 1279 2840 inertis
1302 2771 1446 2839 sententia

423 2993 451 3060 9]
471 2996 486 3048 2
506 2992 563 3046 Cor.
578 2995 601 3054 o,
615 2995 638 3047 2.
696 2992 738 3060 111
758 2991 820 3044 liseur.
839 2995 876 3049 lc.
890 2994 930 3045 211.

365 3203 425 3257 lin
445 3205 534 3255 uestra
553 3220 585 3257 ce
604 3205 723 3255 monstra
742 3203 770 3256 l)
840 3201 1034 3270 extinlguanrus
1053 3202 1082 3256 1)
1151 3201 1294 3255 2n1cretis
1316 3203 1343 3255 P
1408 3197 1448 3250 ad·

321 3282 455 3384 quiramus),
479 3331 651 3383 conputamus
675 3315 702 3368 P
770 3319 786 3369 3
813 3331 860 3383 per
884 3315 956 3383 eum]
981 3319 1131 3382 praestante
1155 3313 1374 3377 dominonostro
1395 3313 1449 3366 lesu

321 3402 427 3456 Christo
446 3403 552 3470 PAup.
624 3417 684 3454 cum
703 3407 778 3470 patre
797 3420 846 3457 ona.
862 3403 889 3455 P
957 3403 973 3456 6
996 3402 1058 3471 inopi
1077 3417 1162 3454 sonno
1181 3401 1291 3454 faristini
1311 3402 1342 3454 de
1359 3399 1450 3453 ieiunio

321 3489 540 3558 quadragensimo
560 3489 588 3542 Ι)
659 3488 749 3542 'idios
768 3489 797 3542 Ι)
815 3491 845 3542 in
863 3507 915 3542 ros
988 3489 1207 3556 ‹prrndrugensime
1229 3489 1258 3542 l)
1328 3485 1451 3556 spiritales

320 3578 425 3646 scripsi,
445 3574 571 3644 spiritalis
592 3576 620 3628 1)
690 3579 706 3631 8
729 3576 756 3628 in
775 3582 838 3644 post
858 3575 954 3627 damna
972 3577 1079 3644 addidi,
1104 3577 1134 3629 in
1153 3577 1182 3630 D
1200 3593 1298 3630 rasura
1315 3581 1407 3640 castet,
1425 3575 1452 3626 iu

321 3683 374 3733 paca
392 3663 479 3715 anione
497 3664 581 3730 fuisse
599 3662 709 3716 uidetur
762 3665 777 3718 9
798 3663 1028 3727 tr·anscuut1)(sc
1047 3664 1077 3716 in
1096 3664 1162 3728 aas.)
1217 3665 1244 3718 ll
1267 3661 1410 3714 trendemcd
1426 3659 1453 3712 1)

314 3755 348 3804 ’ct
365 3751 404 3804 ita
421 3766 515 3802 uacare
533 3751 639 3818 scripsi,
659 3750 708 3802 etit
725 3767 819 3802 uocare
838 3752 866 3804 D
930 3753 960 3804 12
980 3749 1129 3802 studianrus
1149 3751 1177 3803 l)
1240 3751 1270 3804 14
1288 3745 1451 3818 prophetam]

321 3853 389 3906 mooe
406 3843 555 3905 sequuntur
572 3854 655 3906 casque
674 3837 711 3890 cd
728 3840 806 3904 tincto
825 3843 931 3890 exsiccat
943 3838 1024 3890 ctiam
1037 3839 1067 3891 in
1078 3853 1196 3891 scrrnonc
1210 3837 1358 3905 depraeliari
1376 3834 1453 3888 dudio

320 3928 380 3990 262,
394 3928 461 3976 1-4
480 3925 532 3992 (35),
544 3928 614 3977 2229
632 3925 686 3990 Μ.)
704 3931 728 3977 ci
747 3925 845 3978 Eae-scd.
865 3927 933 3977 honr.
948 3928 980 3976 44
1036 3928 1066 3978 15
1087 3921 1247 3990 uestrarum]
1266 3924 1297 3975 iu
1316 3923 1344 3976 l)
1361 3937 1454 3976 casuro

321 4016 414 4076 castet,
434 4011 464 4063 iu
482 4028 536 4078 quo
555 4009 634 4062 marn
658 4027 753 4077 gyrum
773 4012 904 4079 scriptam
923 4017 979 4063 crui
1050 4009 1182 4076 adfligctis
1204 4010 1311 4077 scripsi,
1333 4005 1454 4073 adfligitis

322 4097 357 4158 D,
371 4095 573 4166 adfligiiedup.
629 4101 661 4152 111
675 4097 723 4149 hoc
737 4099 816 4166 strip,
830 4115 880 4151 orn.
896 4097 923 4150 Ι)
976 4096 1177 4150 adllictionisll
1225 4093 1454 4160 l'ihumiliatal)

323 4187 355 4238 18
375 4183 530 4235 fortitudem
550 4185 579 4237 D
650 4183 843 4252 adduutslop.
918 4188 948 4238 19
968 4182 1123 4235 lassitudine
1142 4183 1211 4250 ee]
1236 4177 1453 4234 nihilominusdc

322 4269 480 4323 cnrrtritione
499 4271 582 4323 animi
594 4272 666 4340 Aop.
721 4271 895 4324 rcdenruntur
913 4272 942 4324 I)
995 4271 1153 4324 creminaD
1205 4268 1373 4336 uoluptatum
1386 4267 1452 4332 drap.

323 4359 356 4412 20
374 4357 475 4410 luxoria
494 4357 536 4409 ucl
556 4359 591 4424 l),
612 4357 736 4426 deceptae
756 4356 858 4410 dudum
877 4359 957 4428 dap,
975 4375 1012 4411 au
1031 4357 1148 4410 lrrruriac
1168 4355 1210 4409 uel
1228 4353 1416 4411 scribendum?
