3264 5134
255 449 294 512 12
714 451 734 505 1.
754 451 798 505 Do
816 451 923 519 gratia

251 625 467 707 inplorandam
491 646 558 690 esse
581 627 740 712 cognoscit
762 631 794 692 et
816 627 965 692 auxilium
989 627 1105 692 domini
1128 629 1273 713 peruigili
1296 628 1387 692 exob-

252 731 422 795 secratione
445 731 593 814 deposcit.

798 906 839 970 II.

281 1047 402 1088 CONTRA
426 1047 636 1090 OBIECTIONEM
659 1049 796 1108 PELAGH,
820 1049 882 1098 Qua
906 1049 991 1090 DlOl‘l'
1013 1049 1177 1092 Paauunos
1202 1049 1356 1091 BAPTISMO

211 1133 224 1170 5
718 1137 780 1178 Non
803 1137 916 1178 EGERE.

294 1249 445 1315 Adtendit
471 1253 564 1316 etiam
592 1253 650 1316 hoc
673 1252 834 1336 Pelagius:
866 1253 892 1316 si
915 1273 969 1336 per
992 1253 1141 1336 baptismi
1165 1254 1279 1318 donum
1304 1254 1385 1318 tolli-

250 1358 301 1418 tur
323 1355 474 1439 originale
501 1361 675 1439 peccatum,
700 1357 737 1420 de
761 1357 880 1420 duobus
908 1355 1072 1439 baptizatis
1102 1359 1167 1421 nati
1190 1357 1306 1424 debent
1327 1358 1384 1422 hoc

251 1477 354 1523 carere
382 1464 517 1543 peccato.
565 1461 732 1543 quomodo,
760 1461 872 1543 inquit,
900 1462 1029 1526 mittunt
1057 1463 1095 1525 ad
1121 1465 1275 1545 posteros,
1304 1462 1384 1544 quod

250 1564 307 1646 ipsi
329 1564 362 1628 in
386 1584 418 1628 se
441 1565 571 1629 minime
594 1565 794 1630 habuerunt?
832 1566 945 1648 quibus
969 1565 1058 1630 facile
1081 1567 1285 1649 respondetur
1307 1567 1383 1630 duas

201 1689 224 1726 ro
251 1687 318 1731 esse
346 1669 538 1750 natiuitales,
566 1669 604 1734 de
632 1687 764 1752 quarum
790 1689 854 1734 una
880 1673 1042 1753 peceatum
1070 1690 1105 1734 ex
1128 1671 1306 1754 generantis
1330 1688 1384 1734 uo-

249 1773 368 1854 luptate
384 1774 615 1854 transmittitur,
639 1793 675 1837 er
691 1775 751 1838 alia
774 1774 977 1838 sanctificatio
1001 1774 1037 1838 de
1054 1776 1266 1858 regenerantis
1290 1776 1383 1857 adop·
1456 1799 1461 1808 ·

248 1876 331 1940 tione
348 1877 488 1941 donatur.
527 1878 689 1959 quomodo,
713 1879 823 1959 inquit,
848 1879 976 1942 mittunt
997 1878 1036 1942 ad
1055 1881 1205 1960 posteros,
1229 1878 1308 1960 quod
1325 1878 1383 1960 ipsi

249 1980 281 2044 in
302 1999 334 2044 se
357 1981 485 2044 minima
508 1981 706 2046 habuerunt?
737 2000 831 2064 quam
855 1981 1081 2046 inrationabilis
1106 1988 1137 2047 et
1158 1984 1251 2064 plena
1273 1983 1383 2065 iniqui-

249 2085 323 2148 tatis
346 2083 493 2149 obiectio!
532 2103 593 2150 non
617 2087 675 2166 uis,
699 2089 734 2150 ut
757 2087 979 2150 transfundant
1006 2087 1037 2149 in
1061 2091 1201 2168 posteros
1225 2087 1306 2169 quod
1329 2105 1383 2151 na-

200 2211 223 2248 a
251 2191 340 2252 turae
368 2192 424 2268 est,
453 2194 483 2252 et
505 2191 567 2270 uiS,
595 2193 630 2254 ut
653 2191 697 2254 eis
724 2191 844 2271 possint
873 2191 959 2254 uelut
987 2191 1024 2254 de
1052 2209 1108 2254 suo
1136 2191 1274 2254 conferre
1303 2192 1385 2273 quod

248 2293 366 2375 gratiae
390 2297 448 2372 est,
473 2293 509 2357 de
533 2312 594 2375 qna
617 2297 728 2358 natura
752 2295 911 2376 apostolus
927 2295 1014 2358 dicit:
1039 2295 1168 2374 eratis,
1192 2295 1301 2376 inquit,
1325 2313 1384 2358 na-

248 2398 332 2460 tura
354 2397 430 2460 t‘ilii
454 2397 539 2461 irae.
573 2398 683 2462 merito
706 2399 796 2479 quasi
812 2399 849 2462 de
872 2399 994 2481 proprio
1016 2398 1088 2462 dare
1112 2403 1279 2480 nequeunt,
1303 2399 1383 2481 quod

248 2502 285 2564 de
302 2522 426 2566 sursum
443 2507 474 2567 et
490 2505 679 2568 extrinsecus
696 2509 889 2586 acceperunt.
915 2504 1188 2586 inprudentissimo
1202 2525 1258 2588 per
1273 2523 1384 2588 paren-

248 2609 294 2669 tes
319 2605 390 2670 liliis
413 2606 607 2672 innocentiae
630 2608 799 2689 puritatem
822 2607 968 2690 Pelagius
992 2608 1057 2670 dari
1074 2608 1180 2672 credit.
1212 2608 1251 2670 ad
1273 2626 1383 2690 paren-

195 2732 220 2768 ιι
248 2713 314 2773 tum
339 2711 547 2774 ministerium
572 2711 719 2776 nat-initas
743 2711 878 2775 secunda
898 2728 959 2775 non
975 2712 1118 2793 pertinet.
1156 2711 1293 2776 officium
1317 2713 1385 2776 uult

248 2834 317 2878 osse
340 2815 475 2878 hominis
498 2817 579 2897 quod
596 2817 644 2880 dei
667 2835 780 2879 munus
802 2819 859 2895 cst,
883 2819 918 2878 ut
933 2816 1020 2879 uelut
1043 2817 1176 2896 quodam
1199 2816 1383 2881 hereditario

247 2919 354 2982 ordine
387 2940 443 3002 per
476 2920 638 2984 hominum
668 2925 772 2984 currat
800 2920 1015 3002 posteritatem
1049 2921 1130 3001 qnod
1159 2925 1243 2984 ostra
1273 2921 1383 2984 huma-

248 3041 320 3086 narn
343 3027 467 3088 constat
494 3044 562 3088 esse
590 3024 810 3088 substantiam.
857 3024 1006 3107 originale
1033 3028 1137 3088 autern
1161 3029 1323 3106 peccatum
1347 3044 1382 3088 ex

246 3127 428 3208 parentibus
452 3129 547 3192 etianr
570 3128 735 3211 baptizatis
759 3147 814 3211 per
830 3129 930 3192 carnis
946 3129 1098 3212 originem
1121 3129 1159 3192 ad
1183 3129 1261 3194 lilios
1282 3133 1383 3193 trans-

195 3251 220 3290 ιι
247 3231 289 3294 ire
318 3249 379 3296 non
411 3232 539 3296 dubium
569 3235 617 3296 ost
644 3232 817 3296 dicentibus
850 3231 939 3296 nobis
972 3233 1081 3296 cotidie
1115 3251 1185 3296 cum
1217 3234 1381 3316 propbeta:

248 3355 330 3399 ecce
359 3337 455 3400 enim
483 3336 814 3418 ininiquitatibus
843 3341 1046 3419 conceptus
1078 3357 1156 3400 sum
1189 3343 1224 3401 ot
1259 3339 1294 3402 in
1326 3339 1382 3400 de-

158 3425 159 3429 *
247 3440 349 3503 lictis
377 3441 522 3523 peperit
549 3460 602 3503 me
631 3444 748 3504 mater
771 3459 863 3520 mea,
892 3441 973 3504 sicut
996 3445 1027 3503 et
1050 3442 1207 3523 apostolus
1231 3442 1314 3505 istud
1335 3442 1382 3504 in-

247 3544 386 3608 sanabile
409 3545 565 3626 piaculum
589 3563 623 3607 er
648 3561 709 3607 uno
733 3543 765 3606 in
788 3561 896 3608 omnes
919 3543 1061 3608 homines
1081 3545 1287 3627 pertransisse
1310 3563 1383 3608 con-

247 3648 359 3712 firmat.

352 3768 394 3836 ld]
415 3767 509 3836 Ephes
529 3770 553 3831 2,
566 3769 590 3821 3.
643 3766 688 3836 26]
708 3767 805 3821 Psalnr.
825 3771 868 3830 50,
882 3769 905 3821 7.

291 3875 303 3927 l
325 3871 535 3925 exobsecratione
553 3873 659 3941 scripsi,
678 3871 893 3926 &obsecratione
907 3873 940 3938 P,
960 3871 1141 3926 obsecratione
1160 3891 1175 3929 o
1221 3872 1382 3928 tobiacoio·

248 3976 308 4012 nem
326 3961 353 4013 P
417 3957 573 4012 badtondit
590 3961 697 4034 scripsi,
722 3958 859 4012 adtendit-e
883 3960 917 4028 P,
939 3959 1100 4014 adtendatv
1165 3959 1276 4037 donum]
1295 3959 1383 4027 inquit

246 4047 338 4100 oddo
385 4045 546 4112 loriginale
565 4045 634 4114 (orig
652 4065 722 4100 anan.
742 4048 790 4100 alt.
808 4048 839 4100 in
856 4047 962 4112 raa.)P
1008 4050 1101 4102 Scare
1119 4049 1160 4101 Ρἱ
1207 4046 1380 4114 equibus-

247 4130 396 4185 habuerunt
414 4149 463 4184 om.
478 4133 526 4199 ΡΙ,
545 4133 608 4186 odd.
623 4151 693 4186 treola.
707 4135 753 4187 cit.
767 4135 797 4186 in
808 4135 862 4200 fiae
870 4135 991 4201 paginae
1040 4136 1070 4188 11
1091 4133 1154 4202 alia]
1173 4137 1263 4187 atatem
1281 4133 1343 4186 odd.
1357 4151 1381 4199 v,

247 4221 277 4272 in
294 4219 322 4271 P
343 4220 442 4272 lacuna
460 4219 577 4274 dacorum
596 4221 745 4274 litterarum
763 4225 856 4287 exstat,
875 4221 946 4275 unde
964 4221 1030 4275 olim
1048 4219 1132 4273 altera
1148 4223 1278 4290 scriptum
1296 4221 1382 4288 seriem

246 4307 364 4360 conicias
419 4308 450 4360 13
470 4306 836 4376 minimc(1ninisuperscr.)
857 4307 883 4359 P
940 4309 970 4362 17
990 4307 1026 4360 ire
1045 4308 1073 4361 P
1131 4311 1161 4364 18
1180 4307 1340 4376 adceperunt
1356 4307 1384 4360 P

246 4395 280 4447 22
293 4395 368 4446 curat
381 4393 420 4446 P¹
463 4396 496 4448 24
509 4391 662 4462 baptisandis
675 4394 703 4447 P
744 4396 778 4447 26
796 4393 824 4446 in
839 4400 903 4464 post
921 4394 990 4448 euim
1010 4412 1060 4450 om.
1075 4395 1102 4448 P
