3222 5144
287 488 351 558 292
692 491 757 546 1111.
777 491 886 546 Serme
906 494 1014 548 17-18.

286 668 471 751 populorum
500 672 553 731 aut
579 686 634 751 pro
658 668 850 732 abundantia
877 669 1044 732 fructuum.
1091 668 1239 731 debemus
1268 672 1300 731 et
1321 668 1384 731 ista
1406 687 1425 732 a

288 773 344 835 deo
371 777 487 856 petere,
514 771 596 857 <sed>
618 773 753 836 secundo
777 777 809 836 ct
835 773 927 836 tertio
954 772 1032 852 loco,
1060 773 1094 835 nt
1121 773 1238 853 primas
1262 775 1368 855 partes
1392 772 1424 835 in

288 878 372 940 omni
398 877 569 942 intentione
600 881 725 942 nostrae
749 877 894 941 orationis
923 895 1009 941 amor
1032 877 1155 940 animae
1179 879 1210 939 et
1236 876 1424 940 desiderium

286 981 371 1045 uitae
393 979 566 1066 (aeternae)
592 981 743 1046 obtineat.
789 1000 913 1045 oremus
941 999 996 1064 pro
1020 997 1156 1062 corpere,
1185 980 1240 1043 sed
1269 981 1338 1044 sine
1360 981 1424 1044 ulle

248 1112 261 1152 r
287 1086 507 1168 conparatione
531 1087 665 1169 amplius
688 1105 743 1170 pro
765 1087 869 1149 anima
892 1086 1111 1168 supplicemus.
1155 1088 1186 1147 et
1209 1084 1288 1164 ideo,
1311 1085 1425 1148 fratres

287 1189 451 1272 carissimi,
479 1191 622 1272 quotiens
646 1190 734 1255 uobis
757 1191 818 1254 ista
841 1190 1023 1273 euangelica
1049 1189 1140 1253 lectio
1167 1189 1291 1272 legitur,
1316 1207 1352 1253 eo
1375 1207 1425 1253 or-

288 1294 369 1374 dine,
394 1313 454 1377 qne
470 1313 564 1377 supra
587 1295 813 1379 suggessimus
837 1295 1031 1358 intellectum
1049 1295 1114 1357 eius
1130 1292 1250 1357 debetis
1274 1293 1425 1377 accipere,

287 1401 323 1462 ut
346 1399 411 1462 siue
434 1399 466 1463 in
490 1400 669 1482 elimosynis
693 1399 759 1463 siue
786 1400 818 1462 in
846 1399 969 1462 ieiuniis
993 1399 1059 1462 sine
1083 1399 1116 1462 in
1139 1397 1333 1462 orationibus
1357 1399 1423 1461 siue

287 1503 319 1567 in
340 1503 465 1567 dextera
487 1503 554 1568 siue
577 1503 610 1568 in
633 1503 760 1567 sinistra
782 1503 840 1566 hoe
863 1502 1029 1567 obseruare
1053 1503 1245 1582 studeamus
1269 1506 1313 1582 ut,
1337 1502 1425 1584 quid-

237 1635 261 1674 ιο
287 1607 361 1687 quid
383 1607 516 1690 agimus,
544 1625 605 1670 non
628 1625 684 1690 pro
706 1609 844 1670 uanitate
868 1607 918 1670 uel
946 1607 1114 1688 eupiditate
1137 1607 1262 1686 saeculi,
1292 1606 1347 1670 sed
1369 1624 1425 1688 pro

287 1709 418 1794 (amore)
449 1715 592 1774 aeternae
622 1711 825 1775 beatitudinis
856 1711 1022 1791 sociamur,
1054 1709 1135 1792 quod
1168 1711 1234 1793 ipse
1264 1713 1424 1793 praestare

287 1816 441 1899 dignetur,
464 1815 517 1897 qui
537 1833 608 1880 oum
630 1819 718 1899 patre
742 1816 821 1880 uiuit
844 1818 876 1880 et
898 1833 970 1879 cum
986 1815 1097 1898 spiritu
1121 1819 1229 1879 saneto
1252 1815 1425 1878 insaecula

288 1920 493 1984 saeculorum.
518 1919 631 1984 Arnen.

797 2145 915 2210 XVIII.

237 2311 261 2352 15
640 2306 683 2345 mo
706 2305 884 2348 UOOA'I'IOND
908 2305 1066 2348 enuntiato.

331 2440 424 2504 Modo
447 2458 520 2503 oum
535 2439 640 2503 diuino
662 2439 752 2504 lectio
767 2440 932 2524 legeretur,
956 2439 1131 2504 audiuimus
1148 2438 1309 2502 dominum
1331 2439 1425 2502 beato

287 2543 433 2608 Abrahae
456 2544 626 2608 dicentem:
658 2543 849 2628 egredere,
878 2545 989 2625 inquit,
1020 2544 1062 2607 de
1093 2546 1194 2606 terra
1223 2547 1286 2606 tua
1316 2546 1351 2606 et
1382 2543 1425 2606 de

288 2649 511 2732 cognatione
547 2652 610 2712 tua
643 2652 679 2712 et
713 2648 755 2710 de
789 2647 892 2711 derne
926 2648 1046 2729 patris
1081 2648 1144 2712 tui.
1192 2646 1298 2711 omnia
1328 2647 1425 2726 enirn,

286 2753 399 2817 fratres
427 2753 589 2832 carissimi,
620 2770 698 2834 quae
729 2752 762 2815 in
793 2753 891 2815 ueteri
921 2754 1109 2816 testamento
1137 2751 1313 2833 conscripta
1339 2753 1425 2830 sunt,

234 2883 261 2922 ro
287 2856 359 2921 noni
381 2856 564 2920 testamenti
586 2859 696 2938 typum
719 2859 750 2919 et
772 2856 942 2940 imaginem
966 2855 1189 2939 praetulerunt.
1226 2855 1271 2918 sie
1294 2857 1326 2917 et
1349 2871 1426 2936 apo·

287 2960 385 3023 stolus
408 2959 524 3024 Paulus
548 2960 634 3024 dicit:
667 2960 790 3024 omnia
823 2961 919 3024 enim
953 2960 991 3022 in
1025 2960 1148 3042 figura
1182 2959 1427 3042 contigerunt

287 3064 374 3128 illie.
421 3064 563 3147 scripta
590 3067 677 3128 sunt
707 3067 831 3128 autern
861 3067 1013 3148 propter
1041 3081 1122 3143 nos,
1149 3064 1185 3127 in
1213 3080 1303 3144 quos
1330 3062 1425 3126 finis

288 3169 524 3232 saeculorum
558 3169 719 3233 deuenit.
773 3169 800 3232 si
834 3187 906 3252 ergo
941 3172 1066 3251 prepter
1100 3185 1156 3232 nes
1190 3168 1307 3249 scripta
1339 3171 1426 3247 sunt,

287 3290 366 3354 quae
389 3275 464 3336 tnnc
486 3272 519 3336 in
540 3272 704 3336 Abraham
726 3273 926 3355 corporaliter
949 3273 1082 3356 legimus
1105 3273 1198 3352 facta,
1222 3272 1249 3336 si
1268 3275 1375 3334 sancte
1392 3275 1425 3335 et

236 3403 261 3446 aa
288 3377 369 3440 iuste
393 3377 547 3457 uiuamus,
571 3377 753 3460 spirItaliter
776 3377 808 3441 in
832 3377 921 3442 nobis
937 3377 1080 3441 uidemus
1103 3376 1230 3460 inpleta.
1267 3375 1425 3458 egredere,

394 3566 436 3634 17]
456 3565 521 3620 Gen.
536 3568 576 3630 12,
590 3569 613 3622 1.
667 3567 714 3636 21]
734 3569 748 3622 1
768 3565 826 3623 Gor.
842 3569 936 3632 10,11.

333 3743 345 3796 1
370 3739 529 3810 populorum
551 3739 575 3808 111³
584 3739 591 3808 ῐΙ
615 3741 644 3794 D
666 3739 735 3806 (erat
757 3741 837 3794 tuoru
859 3742 891 3794 ia
912 3741 987 3809 rae),
1010 3741 1160 3808 temporum
1178 3740 1249 3808 Aap.
1320 3737 1426 3792 habun-

288 3825 380 3880 dantia
398 3826 487 3880 fructi
504 3827 534 3882 D
590 3825 671 3882 2sed
688 3827 769 3898 Aug,
788 3844 838 3882 om.
858 3828 888 3881 D
943 3829 1100 3881 aerternae
1119 3827 1199 3896 dap,
1217 3843 1267 3882 om.
1287 3826 1316 3880 D
1376 3823 1426 3878 ob-

288 3916 377 3968 teneat
395 3915 424 3968 D
480 3913 597 3982 oremns]
616 3929 678 3982 ergo
696 3915 760 3968 odd.
773 3915 844 3984 Any.
908 3912 1019 3968 duobis
1038 3914 1067 3968 D
1129 3913 1426 3983 reiusAop.,est1)

288 4001 304 4055 8
322 3999 474 4068 elymosInis
492 4000 521 4054 D
590 4003 606 4056 9
625 4000 774 4054 studiamus
792 4002 821 4055 D
892 4003 921 4056 ll
941 4015 1029 4053 aurore
1048 4003 1169 4054 aeternae
1188 4001 1268 4069 dap,
1286 4003 1375 4052 aterne
1394 4001 1426 4053 D

289 4088 321 4141 15
348 4087 442 4156 incipit
469 4087 500 4140 de
528 4087 665 4141 uocatione
692 4087 804 4141 ebrehae
827 4088 870 4154 D;
895 4093 981 4142 arctat
1007 4089 1052 4143 br'c
1073 4105 1158 4143 erroro
1181 4089 1251 4141 inter
1273 4087 1426 4156 dopretiat

287 4189 419 4229 aaronem
437 4174 532 4229 dubios
550 4177 568 4232 2
585 4175 717 4244 (39,1741
732 4174 785 4241 Μ.)
844 4176 874 4228 17
894 4173 987 4241 inquid
1006 4174 1124 4242 egredirc
1143 4174 1172 4228 D
1231 4177 1262 4230 18
1280 4173 1334 4226 tuis
1353 4174 1382 4228 D
1400 4175 1426 4240 (a

287 4262 405 4328 aarum)
475 4261 546 4314 enim
564 4279 614 4318 om.
628 4263 699 4332 Any.
769 4262 803 4316 23
821 4259 929 4314 deuenit
946 4262 1053 4330 scripsi,
1072 4259 1166 4313 definit
1183 4262 1221 4328 D,
1237 4259 1326 4326 (fines)
1345 4257 1426 4313 deue-

288 4351 386 4401 nerunt
403 4347 474 4417 dap.
536 4346 754 4404 athamanto
807 4346 989 4401 si—ninamns
1007 4365 1058 4402 om.
1071 4347 1143 4416 Aup.
1204 4348 1238 4401 25
1258 4345 1376 4398 uidimus
1395 4348 1427 4400 D

288 4433 406 4506 egredIre
424 4433 518 4502 inquid
536 4435 565 4488 D
