3222 5144
650 487 716 544 1111.
736 487 845 542 Sermo
866 475 926 544 10.’
1287 488 1349 568 261

209 682 285 730 suos
308 665 477 747 discipulos
497 663 660 729 admonuit
682 663 802 728 dicens:
830 664 867 727 in
890 663 958 728 hoc
980 663 1114 728 mundo
1137 681 1350 745 pressuram

206 767 415 848 hebebitie,
431 768 603 834 etiterum:
620 767 779 832 mundus
791 766 984 852 gaudebit,
1001 785 1066 832 uos
1079 771 1202 832 eutem
1218 767 1350 832 tristes

206 873 324 938 eritis.
371 872 435 936 sed
468 871 633 938 tristitia
662 876 791 936 uestra
821 875 1062 936 concertetur
1096 872 1132 935 in
1162 872 1348 955 goudium.

205 994 244 1040 ec
259 975 305 1041 sic
320 977 353 1042 in
369 976 428 1040 hec
443 977 510 1042 uita
524 994 596 1040 cum
617 975 723 1040 labore
746 979 778 1040 et
800 976 914 1056 dolore,
938 975 1020 1057 quod
1041 973 1159 1040 bouum
1184 979 1242 1056 est,
1266 977 1351 1042 auni-

205 1081 303 1146 liaute
326 1080 452 1145 domino
474 1081 637 1160 faciamus
666 1084 701 1144 ut
723 1080 756 1144 in
778 1079 883 1144 futuro
906 1080 1030 1144 saeculo
1052 1079 1206 1144 bonorum
1229 1079 1349 1146 fructus
1389 1111 1401 1148 s

206 1185 353 1269 colligere
376 1203 448 1248 cum
475 1184 588 1268 gaudio
612 1188 644 1249 et
666 1184 856 1248 exultatione
884 1184 1040 1267 possimus
1064 1185 1235 1248 secundum
1257 1185 1348 1249 illud:

205 1290 270 1372 qui
293 1290 483 1354 seminent
504 1289 541 1352 in
564 1289 747 1370 lacrimis,
770 1289 808 1353 iu
830 1289 965 1372 gaudio
988 1292 1139 1354 metent.

250 1394 287 1458 In
310 1393 369 1458 hoc
392 1394 497 1475 itaque
521 1393 646 1474 mundo,
669 1394 783 1458 fratres
803 1393 968 1474 carissimi,
991 1411 1047 1476 per
1068 1397 1231 1476 peccatum
1254 1395 1349 1477 primi

204 1498 341 1562 hortinis
358 1497 396 1562 de
419 1497 512 1562 beata
533 1497 670 1581 peradisi
690 1498 763 1562 sede
786 1498 913 1581 proiecti
936 1501 969 1562 et
984 1498 1074 1580 quasi
1097 1498 1130 1562 in
1147 1498 1236 1562 exilio
1259 1499 1348 1563 missi
1433 1567 1434 1570 ,

205 1621 316 1667 sumus
338 1619 375 1666 ec
398 1603 443 1666 sic
473 1602 504 1666 in
534 1601 594 1666 hoc
617 1603 740 1666 saeculo
770 1603 904 1684 patriam
932 1620 994 1667 non
1017 1601 1182 1682 habemus,
1213 1603 1294 1667 sicut
1317 1607 1348 1668 et
1379 1633 1402 1668 ιο

204 1707 366 1788 apostolus
393 1706 483 1771 dicit:
514 1707 599 1770 dum
627 1723 753 1771 snmus
781 1707 818 1770 in
845 1707 912 1771 h'oe
938 1723 1106 1788 corpore,
1133 1708 1349 1790 peregrina-

204 1829 286 1876 mur
309 1829 328 1875 ιι
350 1811 507 1875 domino.
545 1829 607 1875 non
624 1829 697 1894 ergo
713 1811 908 1893 requiramus
924 1811 1074 1894 gaudium
1090 1811 1122 1875 in
1145 1811 1204 1874 hoc
1220 1812 1347 1892 mundo,

206 1916 289 1998 quie,
314 1916 396 1982 sicut
423 1933 518 1998 supra
545 1915 662 1980 dictum
691 1919 753 1996 est,
780 1934 891 1980 oerum
920 1916 1070 1999 gaudium
1098 1917 1271 1999 comparari
1296 1917 1347 1981 hic

203 2024 320 2104 potest,
348 2020 501 2103 possideri
528 2038 590 2084 non
617 2023 728 2103 potest.
775 2038 837 2084 non
864 2020 1004 2102 requiras
1031 2020 1064 2084 in
1092 2021 1154 2101 uie,
1185 2021 1267 2103 quod
1290 2021 1347 2086 tibi

204 2127 350 2188 seruatur
372 2125 404 2188 in
427 2124 537 2206 patria.
583 2127 617 2188 et
635 2125 708 2206 quia
730 2127 839 2188 contra
862 2123 1020 2188 diabolum
1045 2123 1168 2190 Christo
1191 2125 1268 2190 duce
1292 2145 1346 2190 ue·
1375 2151 1399 2191 ιι

203 2247 292 2293 cesse
309 2233 357 2292 est
378 2245 518 2311 pugnare
534 2227 646 2292 cotidie
670 2226 737 2308 tibi,
760 2229 935 2311 praemium
958 2247 1020 2292 non
1043 2230 1184 2310 requiras
1205 2229 1236 2294 in
1259 2247 1349 2313 proc-

205 2333 257 2413 lio,
281 2333 364 2415 quod
386 2331 444 2397 tibi
468 2337 611 2396 seruatur
633 2333 665 2396 in
681 2351 787 2416 regno.
822 2350 884 2397 non
908 2333 1046 2414 requires
1070 2333 1242 2417 inpugna,
1265 2335 1348 2417 quod

203 2437 263 2501 tibi
289 2440 447 2517 seruatur,
478 2455 551 2500 cum
578 2435 674 2501 luerit
702 2437 842 2518 perfecta
878 2437 1017 2502 uictoria.
1064 2438 1166 2521 magis
1193 2438 1270 2502 illud
1294 2439 1348 2502 ad·

202 2540 308 2621 tonde,
331 2541 414 2623 quod
436 2541 597 2624 apostolus
620 2541 707 2606 dicit:
731 2559 873 2622 omnes,
897 2541 958 2623 qui
980 2543 1111 2607 uolunt
1133 2541 1192 2625 pie
1216 2543 1346 2606 uiuere

203 2645 240 2709 in
272 2643 438 2726 Christo,
472 2645 774 2728 persecutionem
808 2646 1023 2729 patiuntur,
1055 2649 1086 2709 et
1119 2647 1247 2710 iterum:
1281 2666 1346 2729 per
1372 2671 1398 2710 so

202 2750 342 2814 multas
367 2751 463 2814 onim
492 2748 761 2814 tribulationes
785 2751 933 2832 oportet
954 2767 1020 2815 uos
1050 2749 1195 2814 intrare
1226 2751 1262 2814 in
1293 2770 1346 2815 re-

204 2871 319 2936 gnum
342 2853 411 2917 dei.

245 2956 296 3022 Ile
326 2975 399 3042 ergo
429 2958 486 3023 deo
514 2958 649 3022 donante
680 2977 772 3042 egere
803 2957 970 3038 debemur,
1008 2963 1044 3023 ut
1073 2959 1111 3023 ed
1138 2959 1344 3042 principalem

200 3062 337 3146 patriam
359 3063 523 3146 peruenire
546 3063 675 3127 feliciter
698 3081 884 3143 mereamur,
912 3063 967 3128 ubi
989 3082 1045 3128 nos
1068 3067 1212 3147 parentes
1236 3065 1344 3146 nostri,

199 3165 405 3249 patriarchae,
435 3165 605 3250 prophetae
629 3171 660 3232 et
682 3168 815 3250 apostoli
838 3169 996 3251 suscipere
1023 3169 1073 3233 uel
1096 3168 1200 3233 nidere
1223 3168 1344 3234 deside·
1370 3193 1396 3232 rs

199 3270 360 3355 rantubi
376 3271 470 3335 etiam
487 3272 570 3336 ciues
594 3272 703 3352 nostri,
727 3272 830 3356 augeli
846 3276 878 3337 et
900 3273 1010 3338 ciuitas
1033 3273 1086 3338 illa
1108 3273 1252 3338 caelestis
1267 3273 1344 3338 Hie·

200 3375 339 3440 rusulem
368 3379 399 3440 et
425 3395 477 3440 reu
505 3376 639 3441 ciuitatis
667 3377 752 3441 illius
776 3375 918 3442 Christus
946 3378 1091 3461 expansis
1121 3396 1177 3443 nos
1205 3379 1325 3442 caritati

198 3478 335 3544 brachiis
364 3484 556 3562 exspectent,
583 3485 619 3546 ut
642 3481 680 3545 od
704 3482 787 3563 ipsos
808 3485 963 3564 prostrato
991 3481 1113 3546 diabolo
1139 3481 1224 3564 pleni
1251 3481 1341 3547 bouis

198 3582 345 3666 operibus
367 3583 564 3650 festinemus.
608 3585 694 3650 scitis
718 3586 813 3666 enim,
836 3587 959 3666 fratres
982 3586 1054 3668 quia
1070 3605 1179 3651 omnes
1203 3587 1341 3669 negotia·

199 3692 286 3753 tores
310 3691 340 3752 et
363 3689 551 3772 quicumque
573 3691 633 3754 iter
648 3695 776 3774 agentes
799 3691 830 3756 in
847 3691 899 3754 nia
921 3695 996 3756 sunt
1018 3691 1151 3770 solliciti,
1175 3691 1264 3755 utin
1286 3709 1341 3772 pa·
1367 3715 1394 3754 ao

305 3877 331 3946 l]
350 3877 554 3941 loann.16‚33.
625 3879 653 3947 2]
677 3879 889 3942 loenn.16‚20.
962 3879 989 3948 7]
1007 3879 1107 3934 Psalm.
1128 3882 1184 3943 125,
1198 3881 1221 3934 5.
1295 3880 1339 3950 11]

196 3963 292 4022 acor.
307 3967 331 4029 5,
344 3967 368 4020 6.
425 3963 589 4034 1912Tim.
603 3967 627 4030 3,
643 3968 682 4022 12.
736 3967 783 4036 20]
802 3967 860 4022 Act.
876 3970 917 4032 14,
930 3970 971 4022 21.

243 4147 360 4216 ipsura
376 4148 406 4201 n
457 4147 562 4202 caesos
578 4149 609 4203 υ
661 4149 784 4204 ecesse
802 4151 831 4204 n
883 4115 1055 4207 corfino
1107 4151 1213 4206 cnunc
1231 4151 1338 4206 anun

196 4233 262 4287 dum
281 4235 353 4304 Aup.
407 4238 469 4290 9se
483 4234 625 4304 deproieoti
638 4237 668 4290 D
720 4235 828 4290 exilium
841 4239 912 4308 Aop.
968 4237 1072 4292 mieiD
1127 4241 1157 4294 13
1176 4239 1295 4308 soporari
1309 4241 1339 4294 D

198 4323 230 4376 14
248 4319 383 4390 possederi
402 4321 431 4376 D
503 4323 534 4376 15
553 4319 615 4388 quie
633 4324 716 4392 Aac,
738 4323 799 4389 cuiq
821 4324 852 4379 D
921 4323 1032 4378 diabulu‘n
1056 4326 1085 4379 D
1156 4327 1188 4381 16
1206 4324 1291 4396 prelio
1310 4327 1339 4381 D

195 4436 230 4492 18
249 4431 311 4486 illut
329 4433 358 4491 D
420 4435 452 4490 19
471 4431 567 4490 uolunt
585 4434 614 4490 D
674 4437 708 4494 28
726 4433 832 4492 brachis
851 4438 880 4496 D
934 4435 1042 4496 diabulo
1060 4439 1090 4496 D
1145 4405 1290 4509 to'gentes
1308 4440 1338 4498 D
