3320 5140
653 487 895 558 Prolegomena.
1268 488 1339 544 LXV

201 660 396 742 Aniciorum,
441 681 500 745 quo
545 666 689 746 spectant
730 664 825 728 etiam
864 664 994 728 extremi
1038 683 1148 728 uersus
1193 665 1338 729 carminis

201 763 246 848 (u.
265 763 306 827 19
321 765 398 850 sq.):

386 889 504 1006 felices
528 923 585 1008 qui
607 923 653 986 sic
677 922 715 986 de
737 921 946 987 nobilitate
961 922 1104 1010 fugaci

386 1027 520 1090 aureati
542 1027 579 1090 iu
601 1026 700 1091 caelis
724 1027 820 1090 iuro
842 1037 998 1091 senatus
1022 1027 1145 1092 habeut.

202 1183 338 1249 Uxorem
369 1183 454 1249 duxit
483 1184 626 1250 Ruricius
655 1184 801 1266 iberiam,
832 1185 930 1250 tiliam
958 1185 1107 1251 Ommatii
1138 1187 1270 1270 patricii,
1300 1187 1338 1250 ad

201 1307 297 1370 quem
325 1289 449 1372 scripsit
475 1288 618 1355 Sidonius
646 1309 740 1354 carm.
761 1291 852 1354 XVII
883 1309 1036 1373 quemque
1064 1290 1260 1373 Aquitanum
1287 1291 1338 1354 uel

201 1393 306 1476 potius
333 1392 512 1458 Ameruum
542 1394 639 1459 fuisse
670 1413 706 1458 ex
737 1394 876 1459 eiusdem
907 1395 1052 1459 carminis
1082 1394 1187 1459 uerbis
1218 1393 1338 1478 (11.14)

205 1493 301 1559 Galli
315 1497 442 1560 rustica
457 1517 565 1560 messa
581 1497 631 1560 tui
646 1497 828 1564 sirmondus
848 1503 938 1563 acute
959 1498 1062 1563 effecit
1077 1500 1216 1582 allegans
1236 1499 1339 1563 locum

200 1599 330 1684 Sulpicii
352 1601 573 1682 dial.127‚2:
606 1601 682 1665 sium
704 1602 803 1689 sopito
826 1625 873 1666 rue
897 1601 1051 1666 homiuem
1076 1600 1232 1666 Gallum
1253 1602 1339 1664 iuter

202 1703 419 1789 Aquitanos
453 1703 557 1770 uerba
583 1704 769 1790 facturum,
803 1727 928 1784 uereor,
961 1729 1000 1770 ue
1035 1704 1178 1792 offendat
1211 1715 1338 1770 uestras

201 1809 341 1872 nimium
367 1807 514 1872 urbanos
541 1831 638 1882 aures
668 1833 770 1874 sermo
800 1811 966 1874 rusticior.
1011 1813 1149 1894 itemque
1180 1831 1215 1875 ex
1245 1830 1338 1876 uersu

201 1915 351 2006 carminis
385 1918 535 1980 extremo:
571 1913 755 2000 (Christus)
790 1915 850 1978 ute
882 1915 963 1978 milei
993 1915 1050 2000 qui
1078 1915 1229 2001 patrium
1254 1914 1339 2001 fecit

201 2039 310 2080 amore
326 2028 381 2080 tuo
404 2020 560 2104 colligitur
576 2021 697 2105 degisse
714 2019 908 2086 Ommatium
924 2021 956 2085 iu
972 2020 1049 2084 urbe
1065 2021 1220 2101 Amorne,
1244 2038 1337 2102 quam

202 2124 336 2206 patriam
360 2125 516 2207 appellare
543 2125 644 2208 potuit
666 2123 819 2206 Sidonius,
847 2124 994 2206 quodibi
1021 2127 1144 2208 saepius
1167 2143 1339 2190 commora-

201 2227 295 2291 batur
318 2227 370 2312 (ct.
393 2248 424 2311 p.
443 2227 530 2308 luc
553 2229 612 2314 L),
640 2231 743 2294 uxoris
766 2230 957 2294 domicilium
981 2233 1047 2294 erat
1070 2233 1164 2310 atque
1186 2230 1253 2312 ipsc
1275 2231 1338 2294 iam

201 2332 338 2414 quodam
352 2332 443 2397 modo
455 2333 533 2398 ciuis
546 2337 612 2398 erat
625 2333 795 2415 Aruernus,
812 2337 978 2416 autequam
994 2333 1096 2398 factus
1113 2337 1162 2398 est
1176 2335 1338 2416 episeopus

200 2437 255 2518 (et.
270 2435 461 2501 Mommseni
473 2437 624 2520 praefatio
637 2438 675 2502 ad
687 2436 848 2503 Sidonium
860 2437 1066 2502 Luctiohanni
1081 2437 1337 2520 pXXXXVIH).

203 2539 328 2604 Ruricio
351 2545 383 2604 et
405 2540 524 2605 iberiae
548 2541 784 2624 epithalamium
811 2543 944 2607 confecit
966 2539 1107 2607 Sidonius
1131 2541 1285 2625 (carmx
1308 2545 1340 2605 et
1474 2599 1479 2609 .

204 2643 273 2726 XI),
298 2663 335 2708 er
359 2663 418 2727 quo
442 2664 552 2710 uersus
568 2643 608 2709 51
626 2665 694 2730 sqq.
719 2646 805 2731 digni
828 2649 911 2726 sunt,
935 2646 987 2728 qui
1010 2645 1194 2710 afferantur:

292 2799 444 2863 ...dum
458 2799 552 2885 festa
571 2810 675 2886 parat
698 2801 777 2886 (scil.
793 2801 905 2885 Amor)
929 2799 1135 2864 celeberrima
1155 2799 1275 2878 Gallis,

292 2926 374 2990 quae
396 2925 484 2967 socer
504 2903 693 2982 Ommatius,
716 2927 905 2992 magnorum
926 2905 1032 2968 maior
1055 2927 1195 2968 auorum

287 3007 515 3094 patriciaeque
537 3030 633 3094 uepos
655 3009 767 3095 peutis,
789 3017 886 3072 uatus
908 3031 1081 3095 peueropue

292 3111 408 3176 accolit
431 3113 590 3200 auspiciis
606 3112 747 3198 faustis.

206 3289 276 3336 cum
293 3269 438 3336 Sidonius
454 3269 495 3333 ab
518 3270 652 3334 suardio
672 3269 843 3357 religiosae
861 3269 1080 3357 professionis
1104 3271 1242 3336 carmina
1264 3270 1354 3354 pan·'

205 3395 277 3459 gere
304 3375 441 3456 desierit,
471 3375 489 3439 i.
508 3395 534 3439 e.
563 3393 644 3440 anno
665 3373 729 3438 468
757 3374 810 3457 (ot.
835 3375 1013 3440 Mommsen
1043 3376 1064 3438 l.
1080 3374 1126 3457 1.),
1157 3379 1229 3440 ante
1259 3375 1341 3439 hune

205 3498 323 3544 annum
358 3480 481 3563 nuptias
512 3479 628 3546 Ruricii
659 3483 690 3544 et
719 3479 839 3544 Iberiae
873 3479 1045 3544 celebratas
1080 3497 1148 3544 esse
1178 3483 1342 3544 consents·

206 3603 301 3648 neum
325 3587 382 3649 est.

247 3687 293 3752 Ro
326 3691 466 3772 tempore
500 3687 633 3772 degebat
662 3687 806 3752 Ruricius
840 3685 986 3752 Gurdoue
1020 3687 1123 3771 (hodie
1154 3685 1341 3767 Gourdon,
1465 3693 1469 3702 '

204 3793 327 3858 arroud.
344 3791 531 3874 Gourdon,
562 3791 680 3875 depart.
702 3791 790 3872 Lot),
818 3792 899 3874 quod
927 3791 1074 3875 oppidum
1102 3808 1196 3874 prope
1224 3789 1341 3856 Cadur·

204 3915 332 3962 oensem
358 3895 469 3961 urbem
497 3901 553 3961 est.
592 3914 654 3978 qua
681 3896 718 3960 de
745 3915 778 3960 re
805 3896 978 3960 rectissime
1001 3895 1174 3986 Krusohius
1197 3895 1229 3959 in
1252 3913 1342 3978 prae-

204 4001 323 4066 latione
346 4000 385 4064 ad
400 4000 519 4066 Ruricii
542 4000 692 4084 epistulas
708 3999 915 4064 Luetiohauui
938 3999 1065 4064 editioni
1079 3998 1197 4064 Sidonii
1219 3993 1341 4065 additas

204 4125 234 4190 p.
252 4104 358 4170 LXIII
381 4104 458 4170 haec
481 4105 569 4170 dicit:
585 4101 715 4189 fuudm
738 4103 769 4166 si
787 4101 836 4166 idi
846 4103 1003 4189 possedit,
1026 4101 1186 4188 epistulae
1205 4101 1262 4166 illi
1283 4101 1354 4168 tou

203 4206 358 4296 affertur,
385 4229 451 4294 pua
473 4205 698 4272 Cerastautiuus
717 4205 840 4292 filium,
867 4217 905 4270 ut
933 4207 1094 4272 ‘crastiua'
1122 4206 1251 4271 Briuce
1276 4205 1342 4271 sibi

202 4323 367 4392 occurrat,
391 4311 539 4378 admouet
562 4311 672 4398 (ep.Il
696 4311 761 4396 24).
788 4309 943 4376 Gurdeue
966 4312 1050 4376 euim
1065 4309 1247 4376 Leusouices
1264 4333 1341 4398 pro-

194 4417 356 4502 ficiscens,
385 4417 442 4505 qui
460 4417 545 4502 flues
569 4415 784 4483 Cadurcoruis
807 4416 891 4503 papi
914 4417 1055 4496 sucessit,
1083 4416 1114 4480 ei
1135 4415 1247 4480 Briua
1266 4416 1341 4502 pri-

256 4531 399 4574 mumi.
1172 4535 1187 4571 e
