3222 5144
655 456 720 510 1111.
740 457 849 510 Sermo
870 459 908 513 11λ
1286 459 1350 523 263

209 647 324 713 gruum
349 649 399 696 me
421 633 472 697 ael
495 631 687 714 superfluum
711 633 836 714 iudicet,
860 651 955 716 qnare
970 634 1060 699 nobis
1083 639 1148 699 tam
1172 634 1350 717 frequenter

210 737 462 801 tremeeoendum
486 740 518 801 et
539 737 658 803 utiliter
674 739 944 820 expanesoendnm
960 738 1043 804 diem
1065 738 1170 803 iudicii
1193 739 1350 803 insinuare

209 839 374 906 eontendo.
419 841 446 905 si
469 841 538 924 quis
562 845 619 922 eet,
642 841 692 906 oui
714 842 795 906 forte
817 842 850 906 in
873 840 1042 926 harperto
1065 842 1255 926 displiceam,
1279 859 1351 906 oon-

210 943 326 1010 sideret
355 945 529 1028 perieulum
559 963 666 1010 meum
696 949 727 1010 et
757 945 863 1010 audiet
889 946 1050 1012 dominum
1080 965 1136 1030 per
1166 947 1351 1030 prophetam

210 1049 365 1114 saeerdoti
394 1049 572 1116 terribiliter
601 1051 862 1116 comminantem:
899 1052 930 1115 si
964 1069 1033 1115 non
1068 1051 1351 1115 adnuntianeris
1392 1079 1404 1118 r

210 1153 339 1235 iniquo
372 1154 613 1236 iniquitatem
648 1173 765 1234 suam,
800 1157 1022 1240 sanguinem
1057 1156 1136 1219 eins
1167 1155 1209 1219 de
1243 1173 1352 1220 menn

210 1261 276 1322 tna
297 1259 499 1340 requiram,
527 1260 708 1324 etiterum:
736 1260 869 1340 olama,
893 1279 936 1324 ne
959 1278 1100 1340 oeseeS,
1124 1259 1229 1342 quasi
1251 1257 1351 1340 tuba,

211 1361 328 1443 inquit,
367 1363 489 1428 exalta
525 1381 652 1428 uooem
686 1366 787 1427 tuam
822 1367 859 1428 et
891 1363 1073 1428 adnuntia
1106 1363 1239 1447 populo
1273 1381 1351 1427 meo

210 1470 368 1548 peecata
398 1485 531 1532 eornm.
579 1467 632 1531 sed
662 1468 742 1532 forto
769 1467 880 1550 aliquis
911 1467 1007 1531 dieat:
1039 1486 1134 1549 quare
1165 1467 1253 1532 nobis
1284 1470 1350 1531 tam

210 1569 289 1634 dura
311 1569 438 1634 adsidue
461 1572 700 1655 praedicantur?
745 1572 819 1653 quia
840 1572 952 1636 melius
968 1576 1017 1636 est
1038 1572 1089 1636 hio
1110 1589 1241 1655 pernam
1264 1589 1350 1636 erna-
1378 1599 1403 1636 ro

210 1674 380 1740 titudinem
408 1677 561 1740 sustinere
585 1681 617 1740 ei
642 1681 751 1758 postea
774 1675 813 1740 ad
835 1679 996 1740 aeternam
1019 1675 1214 1740 duloedinem
1241 1694 1351 1758 perue-

209 1779 289 1859 nire,
316 1797 411 1861 qnam
438 1779 488 1844 hio
514 1779 629 1845 habere
651 1779 801 1864 gaudium
828 1779 944 1844 falsum
968 1783 999 1844 et
1020 1779 1085 1844 illio
1108 1779 1261 1844 sustinere
1285 1780 1351 1844 sine

209 1881 274 1946 fine
292 1883 490 1967 supplicium.
525 1884 639 1965 audite,
663 1885 786 1964 fratrer,
807 1903 869 1949 non
883 1903 945 1965 me,
960 1884 1015 1948 sed
1031 1884 1191 1949 dominum
1207 1885 1240 1948 in
1256 1902 1351 1948 enan·

209 1987 293 2069 gelio
316 1987 486 2052 dieentem:
525 1988 640 2069 beati,
674 1989 737 2070 qui
763 1989 895 2072 lugent
928 2005 1039 2069 nune,
1073 1988 1245 2070 qnoniam
1279 1989 1351 2071 ipsi

209 2091 521 2172 consolabuntur,
551 2095 596 2156 et:
627 2111 694 2157 nae
721 2092 845 2173 nobie,
874 2093 936 2175 qui
962 2093 1094 2157 ridetis
1123 2110 1234 2173 nuno,
1265 2093 1356 2175 quia¹
1379 2117 1403 2157 n

211 2194 358 2260 flebitis
381 2200 417 2260 et
438 2195 632 2280 lugebitie
672 2200 703 2261 et
724 2197 783 2262 boo
806 2197 975 2277 adtendite,
999 2197 1123 2277 fratrer,
1147 2197 1221 2279 qnia
1242 2214 1351 2261 omnes

211 2299 353 2364 oernales
375 2300 498 2381 mediol,
523 2301 665 2383 quotiens
689 2301 727 2365 ad
751 2319 813 2381 eos,
843 2301 896 2382 qui
919 2283 1099 2384 incorpore
1122 2303 1282 2384 aegrotare
1305 2301 1352 2364 ui-
1419 2294 1421 2302 ’

210 2403 334 2485 dentur,
362 2405 501 2484 ueniunt,
529 2405 643 2486 omnia,
671 2423 750 2487 quoe
773 2405 817 2469 eis
841 2405 1036 2470 delectabilia
1059 2423 1127 2469 esso
1153 2403 1351 2485 uidebantur,
1459 2481 1465 2491 ¹

210 2507 377 2572 absordum
398 2513 440 2588 et,
464 2509 545 2591 quod
568 2509 658 2574 dulce
681 2513 738 2589 eet,
763 2509 802 2574 ad
824 2509 982 2593 integrum
1005 2509 1205 2574 interdicunt.
1233 2509 1351 2591 aliquo·

209 2613 292 2677 tiens
327 2613 421 2676 etiam
454 2612 603 2696 frigidum
634 2613 771 2696 oeoipere
805 2631 867 2678 non
900 2613 1095 2696 permittunt,
1130 2613 1287 2677 interdum
1319 2617 1350 2677 et
1376 2636 1404 2675 ro

210 2717 424 2800 amarissimae
447 2719 589 2800 potiones
611 2717 718 2782 bibere
741 2721 856 2802 dogunt
880 2721 911 2781 ot
933 2717 1141 2798 asperiseimis
1164 2717 1214 2780 nel
1238 2717 1351 2780 acutie-

210 2820 300 2886 simie
328 2822 524 2886 ferramentis
552 2839 660 2886 eornm
687 2821 819 2886 uulnera
845 2821 1024 2904 frequenter
1050 2821 1246 2885 interoidunt.
1292 2820 1351 2885 hoo

210 2943 294 3009 ergo,
318 2925 401 3006 qnod
423 2944 479 3009 pro
502 2926 636 2990 sanitate
659 2926 799 2990 carnales
823 2925 936 2989 mediei
958 2924 1077 2988 leoinnt
1099 2942 1272 3008 eorpornm,
1295 2942 1351 3008 pro

210 3030 389 3094 animarum
412 3030 513 3096 salute
537 3031 693 3114 spiritales
718 3030 829 3095 medici
854 3047 994 3094 erereere
1018 3029 1217 3094 contendunt.

254 3133 343 3198 Haeo
373 3153 446 3218 ergo
476 3135 628 3220 rogitans,
658 3135 770 3200 iratres
802 3134 1007 3214 dilectissimi,
1039 3137 1071 3198 et
1100 3137 1165 3198 tam
1195 3151 1250 3217 pro
1281 3150 1352 3198 mea
1377 3156 1403 3195 rr

210 3257 305 3321 quem
321 3256 377 3323 pro
393 3243 499 3305 nestra
521 3240 621 3304 saluto
644 3240 797 3304 rationem
820 3257 871 3303 me
893 3238 1085 3303 redditurum
1109 3257 1177 3302 esse
1200 3241 1272 3302 ante
1296 3237 1352 3301 tri·

211 3343 307 3407 bonel
341 3344 459 3408 aeterni
489 3343 598 3408 iudicis
631 3361 692 3408 non
722 3344 869 3428 ignorans
900 3343 971 3407 nolo
1002 3361 1058 3426 ego
1088 3359 1199 3426 aspera
1225 3341 1352 3424 quidem

212 3447 266 3513 sed
290 3446 429 3512 salubria
451 3445 541 3514 uobis
565 3447 795 3514 medicamenta
817 3448 969 3532 ingerere,
996 3449 1032 3511 ot
1054 3445 1218 3512 nobiseum
1244 3449 1353 3530 postea

316 3699 345 3770 5]
363 3699 494 3764 Ezeoh.3‚
509 3701 548 3756 19.
595 3699 622 3768 7]
642 3699 766 3764 Esaitfl,
782 3703 804 3755 1.
850 3699 895 3768 14]
914 3697 1010 3754 bletth.
1025 3701 1049 3763 5,
1062 3701 1085 3756 5.
1132 3696 1176 3767 15]
1194 3695 1258 3751 Luo.
1272 3699 1296 3760 6,
1310 3697 1351 3754 25.

257 3900 352 4000 lmed
365 3945 395 3999 D
447 3941 524 3998 nobis
542 3944 581 3999 D¹
636 3899 752 3999 deulD
805 3939 967 4012 dirplieiaD
1021 3939 1218 4008 oonllderetD
1270 3941 1353 4008 iper

210 4035 292 4104 Aoo,
309 4049 362 4088 om.
376 4033 406 4086 D
471 4029 641 4086 tierribiter
659 4031 688 4084 D
750 4028 864 4084 deensis
882 4030 912 4084 D
973 4025 1101 4096 {linquid
1119 4028 1149 4081 D
1211 4029 1241 4082 11
1262 4025 1354 4079 eterni

211 4117 375 4174 dnloidinem
394 4120 424 4173 D
495 4119 528 4173 13
545 4115 651 4186 eureng
669 4118 699 4171 D
770 4119 802 4172 14
824 4115 932 4184 lugiunt
953 4116 983 4169 D
1054 4117 1085 4170 15
1110 4131 1142 4168 ue
1161 4115 1190 4170 D
1262 4111 1353 4169 18111-

210 4231 346 4286 reeaonra
365 4233 394 4286 n
454 4233 488 4288 ao
506 4188 578 4284 ort'r
597 4231 627 4284 n
687 4231 719 4284 er
740 4228 915 4284 accressere
933 4228 962 4282 n
1019 4229 1052 4283 ar
1071 4227 1175 4297 lunens
1194 4228 1224 4282 n
1278 4225 1353 4294 igno-

213 4336 256 4372 ras
274 4319 304 4374 D
378 4317 439 4372 uolo
457 4333 506 4388 ego
523 4319 632 4390 eor-ipai,
650 4315 710 4372 uolo
729 4331 792 4388 ergo
810 4318 847 4390 D,
866 4315 934 4388 eligo
953 4317 1023 4389 Any.
1094 4317 1129 4374 28
1151 4313 1353 4382 melidioamenta

213 4407 506 4480 Meminimus.)
