3268 5142
311 472 374 536 326
749 472 814 526 IIII.
834 472 943 526 Sermo
962 475 1003 528 25.

313 648 530 712 stimonium
563 649 667 712 uobis
700 647 772 712 erit
802 651 837 710 et
867 647 1109 712 manducabit
1138 666 1267 712 carnes
1299 651 1448 712 uestras

312 753 410 816 sicut
433 752 541 836 ignis
572 751 864 817 thesaurizastis
888 756 1159 834 superterram
1182 757 1218 816 ct
1240 753 1276 816 in
1299 752 1449 816 deliciis

313 857 509 921 enutristis
540 857 650 923 eorda
679 859 807 921 nestra
836 857 873 920 in
897 857 954 920 die
978 856 1186 921 occisionis.
1231 857 1450 936 haecomnia,

313 961 393 1024 sicut
415 960 485 1041 dixi,
515 961 628 1026 fratres
651 960 814 1040 carissimi,
847 978 927 1043 quac
949 980 1005 1043 per
1027 961 1204 1044 apostolum
1238 961 1450 1025 comminatus

276 1068 363 1130 sest
391 1063 543 1147 Christus
573 1065 646 1130 licet
675 1083 732 1130 nos
762 1065 894 1130 nimium
925 1069 1072 1146 terreant,
1102 1083 1164 1130 nou
1195 1069 1300 1129 tameo
1330 1065 1369 1129 de
1399 1064 1451 1129 dei

315 1169 523 1234 misericordia
545 1169 772 1253 desperandum
796 1174 852 1234 est.
898 1169 1000 1234 adhuc
1021 1171 1104 1234 euim
1132 1173 1164 1234 et
1185 1187 1242 1253 egc
1269 1174 1300 1233 et
1322 1170 1385 1233 mei
1408 1169 1452 1233 si-

315 1273 405 1338 miles
428 1275 629 1358 neglegentes
652 1292 724 1338 cum
747 1273 797 1338 dei
820 1273 970 1339 adiutorio
993 1292 1160 1356 possumus
1187 1291 1244 1338 nos
1271 1274 1450 1353 emendare,

315 1379 341 1441 si
373 1378 528 1458 uolumus,
558 1375 611 1463 <si>
641 1381 673 1442 ct
703 1379 901 1461 elimosynas,
932 1395 1008 1460 quas
1038 1379 1100 1442 huc
1129 1397 1227 1460 usque
1249 1379 1373 1462 pamiae
1406 1378 1452 1442 le-

315 1482 426 1562 cimus,
448 1481 566 1567 largius
589 1500 752 1566 erogemus
776 1487 807 1546 et
828 1483 1036 1566 propeccatis
1058 1483 1233 1564 praeteritis
1257 1483 1452 1548 cumdolore

264 1611 291 1650 ιι
315 1589 346 1650 et
360 1586 479 1670 gemitu
495 1590 612 1651 etcum
628 1606 684 1670 spe
699 1586 902 1669 reparationis
918 1587 967 1652 dei
983 1587 1225 1651 miscricordiam
1237 1587 1451 1670 deprecemur.

358 1690 450 1774 Ergo,
485 1691 565 1754 sicut
599 1709 694 1774 supra
726 1690 955 1774 suggessimus,
990 1691 1102 1756 fratres
1134 1691 1299 1772 carissimi,
1334 1691 1450 1755 ieiunia

315 1797 422 1858 nostra
444 1795 686 1877 elimosynarum
709 1794 866 1910 pinguedo
891 1795 1100 1875 commendet,
1128 1795 1201 1877 quia
1222 1795 1284 1858 tale
1307 1798 1357 1859 est
1378 1795 1452 1859 ieiu-

315 1898 403 1962 nium
427 1899 492 1962 sine
515 1898 695 1981 elimosyna,
719 1899 818 1980 qualis
842 1897 909 1962 sine
931 1899 997 1963 oleo
1021 1899 1156 1962 lucerna
1199 1917 1273 1963 nam
1297 1899 1381 1963 sieut
1404 1899 1452 1962 lu·

315 2021 417 2082 cerna,
441 2019 520 2084 quae
536 2004 603 2067 sine
619 2003 685 2066 oleo
702 2003 880 2066 accenditur
844 2003 1067 2086 unlumigare
1082 2005 1195 2084 potest,
1172 2003 1318 2068 tlumon
1334 2001 1451 2068 habere

264 2131 289 2172 ιι
316 2123 377 2171 non
393 2109 505 2188 potest,
528 2106 601 2170 ita
593 2105 743 2170 ieiunium
767 2107 832 2170 sine
848 2106 1019 2189 elimosyna
1038 2125 1164 2223 carnem
1180 2106 1305 2188 quidem
1322 2107 1453 2186 cruciat,

316 2210 371 2273 sed
386 2210 524 2274 caritatis
547 2210 665 2274 lumine
688 2211 826 2274 animam
849 2229 911 2274 non
934 2211 1076 2274 illustrat.
1120 2211 1244 2274 interim
1268 2211 1344 2274 dum
1367 2211 1453 2290 licet,

316 2314 396 2396 quod
426 2315 639 2398 adpraesens
670 2316 734 2398 agit
735 2335 781 2396 ur,
811 2315 873 2380 frat
860 2320 933 2396 tres,
964 2316 1009 2380 sic
1037 2315 1276 2395 ieiunemus,u
1255 2318 1290 2379 ut
1319 2315 1454 2398 prandia

316 2421 422 2484 nostra
436 2419 624 2502 pauperibus
641 2423 815 2502 erogentur,
843 2423 887 2499 ut,
910 2419 993 2502 quod
1008 2419 1152 2502 pransuri
1175 2437 1309 2499 oramus,
1334 2437 1397 2483 non
1421 2419 1453 2483 in

317 2523 430 2588 nostris
454 2524 596 2604 sacculis,
625 2523 679 2588 sed
706 2525 737 2588 in
764 2523 936 2588 uisceribus
959 2541 1131 2607 pauperum
1154 2541 1353 2605 reponamus
1381 2523 1454 2606 quia

264 2655 290 2692 eo
317 2647 429 2692 manus
457 2629 600 2710 pauperis
628 2627 882 2711 gazophylacium
911 2627 1026 2692 Christi
1053 2633 1109 2692 est.
1155 2628 1300 2710 quicquid
1328 2628 1453 2712 accipit,

316 2751 355 2795 ne
382 2732 415 2796 in
441 2735 524 2796 terra
550 2736 667 2815 pereat,
700 2732 731 2796 in
759 2732 844 2796 caelo
871 2733 1038 2813 reponitur,
1069 2733 1150 2814 quia,
1180 2732 1323 2814 quamuis
1352 2731 1453 2812 cibus,

317 2855 410 2918 qoem
437 2854 554 2918 pauper
582 2836 703 2918 accipit,
731 2839 941 2916 consumatur,
969 2855 1088 2901 meroes
1115 2839 1221 2900 tamen
1248 2835 1323 2900 boni
1351 2837 1453 2920 operis

316 2941 349 3004 in
365 2940 449 3004 caelo
461 2939 646 3004 reconditur.
671 2958 744 3004 nam
761 2941 786 3003 si
802 2940 932 3022 prandia
947 2943 1054 3004 nostra
1069 2939 1229 3021 exqmsitis
1245 2940 1411 3022 saporibus
1423 2943 1455 3004 et

319 3043 531 3127 multiplicatis
545 3045 669 3108 ferculis
683 3043 853 3128 expendere
866 3044 1047 3108 studeamus
1059 3045 1098 3108 ad
1114 3061 1254 3124 caenam,
1271 3045 1316 3107 sic
1331 3044 1454 3126 corpori

264 3172 290 3212 ιι
319 3151 423 3212 nostro
439 3149 567 3212 deliciae
584 3167 646 3214 non
662 3149 898 3228 subtrahuntur,
915 3149 969 3212 sed
985 3149 1079 3212 etiarn
1095 3148 1291 3230 duplicantur
1310 3166 1357 3228 ac,
1375 3149 1456 3214 sicut

317 3270 353 3317 eo
376 3251 466 3317 modo
489 3254 609 3336 corpori
632 3257 737 3317 nostro
760 3253 804 3317 nil
830 3253 991 3332 minuitur,
1019 3253 1064 3316 sic
1091 3253 1215 3318 animae
1242 3253 1287 3316 nil
1309 3257 1453 3336 augetur.

359 3356 456 3438 Haec,
480 3357 604 3437 tratres,
627 3357 742 3422 timens
759 3357 860 3441 magis
880 3375 974 3438 quam
991 3357 1029 3420 de
1044 3356 1134 3422 uobis
1158 3357 1274 3439 aliquid
1289 3357 1455 3422 sinistrum

318 3460 446 3526 credens
469 3460 630 3526 admoneo.
678 3462 740 3524 scio
763 3464 869 3526 tamen
889 3461 994 3544 plures
1017 3479 1053 3524 ex
1075 3460 1164 3525 uobis
1188 3461 1244 3526 deo
1266 3461 1401 3545 propitio
1425 3464 1458 3525 et

360 3641 517 3697 3ocieionis
536 3643 564 3696 P
622 3641 728 3696 decim
747 3644 774 3695 et
791 3659 842 3698 οιιι.
855 3644 927 3712 Any
989 3642 1046 3698 8si
1063 3642 1144 3712 Any,
1162 3659 1212 3698 om.
1232 3643 1260 3696 P
1310 3640 1454 3696 helemosi-

318 3745 365 3783 nas
383 3730 411 3783 P
475 3732 506 3784 10
525 3731 552 3782 et
568 3735 631 3784 onte
649 3743 710 3782 cum
729 3747 779 3784 om.
793 3730 864 3800 Aug.
932 3731 962 3784 11
982 3729 1101 3797 suggessi
1119 3730 1191 3800 Assy.
1262 3731 1294 3784 12
1311 3727 1456 3782 helemosi-

318 3832 412 3870 narum
435 3817 463 3870 P
531 3817 564 3872 13
585 3814 755 3884 helemosyna
778 3816 806 3869 P
875 3817 907 3871 14
933 3815 1020 3869 lucam
1044 3817 1114 3885 naq.
1187 3817 1219 3871 15
1241 3814 1407 3870 helemosina
1430 3817 1458 3871 P

320 3930 352 3984 16
378 3927 469 3982 lumen
496 3930 524 3983 P
547 3927 625 3996 (corr.
647 3946 718 3984 ιιιαιι.
741 3929 800 3995 alt)
869 3927 934 3982 dum
961 3927 1125 3982 11111Ῥ2
1114 3945 1145 3982 ιιι
1171 3943 1277 3994 mura,
1309 3927 1352 3981 uel
1380 3931 1454 3999 Δις.

320 4044 351 4096 17
365 4057 487 4110 apresens
500 4041 650 4109 P(dman.
664 4041 724 4108 alt.)
775 4042 810 4096 20
822 4039 1045 4109 gazofilaciumP
1089 4039 1456 4113 quicquid1qu1qu0dnu9

318 4131 351 4184 21
370 4127 475 4196 reponit
491 4131 562 4200 Aug
624 4130 658 4184 24
675 4145 741 4184 uum
759 4127 897 4181 extendere
917 4129 1107 4184 scribendum?
1168 4127 1190 4180 si
1208 4129 1280 4197 Aay
1342 4129 1377 4182 25
1402 4143 1456 4182 noo

318 4232 452 4286 maproeon
467 4216 504 4270 P¹
556 4231 586 4270 ac
598 4216 674 4320 ¹sicut
691 4231 721 4269 ao
739 4216 845 4284 scepei,
863 4213 951 4268 hac'
931 4231 953 4268 ιι
971 4229 1023 4283 quo
1042 4215 1076 4283 P,
1093 4213 1163 4268 sicut
1179 4215 1251 4286 Asty.
1305 4215 1339 4269 26
1362 4217 1456 4270 nostro

320 4347 369 4386 om.
384 4329 454 4400 Aug.
519 4329 656 4386 minuetur
674 4329 701 4382 P
716 4327 740 4401 (i
759 4328 902 4398 mauolt)
963 4330 997 4386 28
1015 4342 1154 4384 ammoneo
1173 4328 1201 4382 P
1260 4326 1361 4396 mmcd]
1381 4328 1455 4384 enim

319 4418 389 4494 Auy.
444 4415 561 4490 propicio
580 4417 607 4470 P
