3244 5130
670 461 767 516 Liber
784 461 798 516 I
818 465 926 518 10—11.
1307 461 1366 526 121

229 642 375 704 nomine
398 640 482 704 Iesu
506 637 646 704 Christi
664 638 864 721 Nazaraei,
888 659 994 722 quem
1018 658 1081 704 uos
1105 639 1368 718 crucifixistis,

229 764 336 828 quem
366 745 455 810 deus
486 744 690 809 suseitauit
721 763 739 809 a
768 746 938 826 mortuis,
973 745 1010 809 in
1040 745 1108 809 hoe
1138 745 1210 808 iste
1241 744 1368 810 adstat

229 868 351 914 eoram
381 849 488 914 uobis
520 867 642 914 sanus.
686 850 807 933 respice
837 853 868 914 et
894 850 944 914 hie
967 849 1198 914 distinctionem
1220 849 1369 914 trinitatis

230 972 417 1038 expressam.
455 954 569 1019 Petrus
585 955 617 1019 in
634 973 667 1018 se
682 955 861 1036 praeferens
885 955 1031 1038 spiritum
1054 957 1198 1019 sanetum
1217 953 1318 1018 filium
1334 954 1367 1017 in

229 1078 322 1124 earne
356 1059 543 1124 morientem
577 1062 608 1123 et
637 1063 760 1142 patrem
785 1059 924 1142 loquitur
950 1060 1165 1124 suseitantem.
1201 1059 1368 1143 apostolioo
1408 1087 1421 1126 a

228 1165 294 1229 illio
316 1163 516 1228 nihilominus
539 1164 670 1228 iteratur
692 1164 829 1228 oraculo:
861 1168 897 1228 et
924 1182 1034 1244 nuno,
1066 1164 1176 1246 inquit,
1207 1163 1368 1245 domine,

228 1269 376 1352 respiee
399 1268 435 1332 in
458 1269 577 1332 minas
601 1287 739 1349 eornm,
764 1272 808 1333 et:
832 1269 968 1352 repleti
990 1272 1218 1334 suntomnes
1234 1269 1369 1351 spiritu

228 1377 360 1438 saneto
392 1377 428 1438 et
456 1373 708 1455 loquebantur
738 1373 893 1438 uerbum
920 1374 979 1438 dei
1010 1393 1091 1439 oum
1117 1374 1268 1438 fiducia.
1315 1373 1369 1438 ad·

228 1481 317 1544 uerte
349 1479 445 1543 etiam
474 1479 533 1543 hoo
562 1479 629 1542 looo
652 1479 685 1542 in
707 1479 846 1544 trinitate
869 1479 1015 1563 spiritum
1038 1482 1183 1543 sanetum
1206 1478 1366 1543 contineri.

228 1584 262 1647 in
291 1583 429 1648 oratione
459 1587 547 1667 pater
577 1586 715 1667 rogatur,
745 1585 777 1647 in
807 1584 857 1648 dei
886 1583 982 1648 uerbo
1012 1583 1094 1648 filius
1118 1583 1307 1667 agnoscitur,
1337 1583 1369 1647 in
1398 1613 1422 1650 ro

229 1687 441 1772 apostolorum
472 1689 648 1752 oonstantia
677 1688 777 1752 saneti
800 1689 928 1771 spiritus
952 1689 1035 1772 ignis
1059 1691 1213 1772 operatur.
1258 1687 1370 1770 repleti

229 1797 305 1857 sunt
334 1811 443 1856 omnes
474 1793 584 1877 spiritu
615 1795 732 1856 saneto.
779 1793 964 1858 manifestae
995 1797 1043 1856 est
1072 1792 1246 1857 maiestatis
1277 1810 1369 1876 posse

230 1897 366 1981 plurima
396 1897 489 1962 simul
519 1896 694 1962 subtilitate
726 1897 923 1981 incorporeae
954 1897 1128 1962 diuinitatis
1153 1896 1317 1962 infundere
1340 1900 1371 1962 et

230 2003 296 2066 sine
327 2002 512 2067 detrimento
543 2003 666 2086 integra
694 2019 888 2085 permanere.
923 2003 999 2066 item
1022 2020 1095 2066 oum
1125 2003 1274 2066 dixissent
1297 2019 1370 2085 apo·

231 2107 303 2171 stoli
327 2107 364 2170 de
386 2107 473 2171 Iesu:
506 2107 604 2171 huno
626 2106 714 2172 deus
735 2107 943 2191 prinoipem
966 2109 1002 2171 et
1025 2107 1251 2170 saluatorem
1275 2105 1370 2170 exal·
1399 2135 1423 2175 re

231 2212 327 2276 teuit
359 2212 512 2276 dextera
542 2229 608 2276 sua
637 2212 680 2275 ad
710 2211 866 2276 dandam
895 2211 1169 2296 paenitentiam
1192 2212 1228 2275 in
1251 2211 1370 2274 Israel

230 2317 548 2382 inremissionem
570 2320 820 2400 pennatorum.
851 2335 941 2397 nos,
964 2317 1077 2399 inquit,
1100 2335 1228 2380 snmus
1251 2318 1369 2380 testes

230 2421 357 2486 horum
388 2425 424 2486 et
447 2421 605 2504 spiritus
629 2425 798 2502 sanetus,
830 2440 936 2504 quem
959 2421 1061 2486 dedit
1083 2422 1172 2486 deus
1196 2420 1369 2485 omnibus

231 2524 517 2590 oboedientibus
548 2525 631 2590 sibi.
675 2526 822 2610 intellege
850 2526 900 2590 hie
924 2525 981 2590 sub
1006 2525 1112 2590 ordine
1134 2524 1282 2589 trinitatis
1307 2542 1369 2588 non

232 2631 332 2694 solum
355 2629 395 2694 ad
417 2629 667 2713 praedicandam,
695 2631 750 2694 sed
773 2631 812 2694 ad
835 2630 970 2695 dandam
993 2629 1218 2713 paenitentiam
1242 2632 1369 2713 epatre
1396 2655 1422 2694 so

232 2734 328 2798 lilium
352 2734 502 2800 destinari
518 2739 550 2800 et
570 2735 858 2818 obtemperantibus
878 2735 1023 2819 spiritum
1039 2737 1194 2816 sanetum,
1211 2735 1262 2816 qni
1278 2732 1371 2798 oboa-

231 2839 380 2904 dientiam
402 2841 628 2921 remuneretur,
651 2839 782 2904 infundi.

273 2941 451 3026 Stephanus
482 2945 591 3026 spiritu
622 2947 729 3008 saneto
762 2945 819 3010 sub
850 2947 1010 3009 momento
1031 2944 1193 3028 passionis
1223 2944 1371 3026 impletur

232 3049 319 3130 eique
346 3048 492 3112 reseratis
514 3049 653 3114 iustitiae
675 3049 774 3133 portis
798 3067 817 3114 a
839 3049 953 3113 dextris
976 3049 1073 3132 patris
1096 3047 1178 3112 filius
1201 3048 1370 3128 reueletur,

232 3152 400 3236 sicutipse
424 3153 536 3235 spiritu
560 3157 668 3218 saneto
691 3154 827 3237 repletus
851 3153 977 3218 effatur:
1005 3171 1088 3216 eoae
1111 3153 1222 3216 uideo
1245 3152 1369 3216 eaelos
1397 3178 1423 3218 os

232 3261 380 3339 apertos
404 3260 437 3321 et
461 3257 584 3322 lilium
606 3258 765 3323 hominis
790 3277 808 3322 a
830 3258 971 3324 dextris
995 3261 1159 3322 stantem
1182 3257 1250 3320 dei.
1289 3255 1370 3336 uide,

232 3361 384 3443 quomodo
419 3361 477 3426 snb
512 3363 689 3444 speotaoulo
721 3363 870 3427 trinitatis
903 3361 1016 3426 edebat
1045 3381 1176 3426 munera
1205 3361 1370 3443 passionis.

334 3551 532 3620 oretanae.
586 3552 614 3622 a]
633 3551 767 3616 ⁴nonan
824 3552 867 3622 15]
887 3551 946 3606 net.
960 3555 984 3616 5,
997 3555 1039 3607 er.
1094 3551 1139 3620 aa]
1158 3550 1311 3614 netues.

273 3728 379 3781 aaut
398 3726 425 3780 P
475 3725 627 3795 3perspioe
645 3726 672 3780 P
723 3725 919 3780 distinotionem
938 3727 965 3780 P
1015 3724 1185 3795 dporferens
1203 3725 1231 3779 P
1282 3723 1371 3779 oilie

232 3831 281 3868 om.
300 3813 328 3867 P
379 3811 572 3866 nihilhominus
589 3813 615 3867 V
664 3811 795 3868 iteratoo
847 3811 974 3866 iteraeulo
994 3813 1022 3866 P
1076 3817 1103 3866 et
1121 3813 1261 3866 nune-7
1280 3827 1371 3865 eorum

232 3903 259 3952 et
269 3899 362 3954 om.P
413 3899 509 3968 9hoe]
528 3898 556 3952 in
574 3899 667 3954 addo
722 3903 754 3955 10
771 3903 909 3968 rogatuso
962 3881 1050 3955 lss'oi
1064 3901 1095 3968 V,
1114 3896 1238 3968 &tonost
1250 3899 1375 3970 spiritns)¹

233 3987 265 4054 P,
283 4003 371 4041 onan
431 3989 461 4041 12
480 3985 554 4054 sunt]
573 3986 662 4054 iuquit
679 3987 743 4040 add.
762 3988 790 4041 P
845 3986 987 4058 manifeste
1009 3989 1035 4042 V
1089 3991 1129 4040 est
1143 3993 1207 4056 post
1225 3987 1371 4040 maiestatis

231 4073 308 4128 habet
326 4073 353 4126 P
418 4076 449 4128 13
467 4072 652 4142 incorporeV
704 4077 735 4129 14
753 4074 888 4142 integrum
909 4075 935 4128 P
992 4075 1024 4129 16
1042 4073 1140 4128 israhel
1159 4075 1212 4128 PV
1280 4077 1311 4129 17
1330 4074 1371 4127 in·

232 4159 361 4227 quiunto
422 4176 513 4212 snmus
532 4177 612 4216 om.o
667 4163 698 4215 19
717 4160 870 4228 intellegere
893 4161 924 4228 V,
942 4159 1062 4229 intellige
1081 4161 1108 4213 P
1164 4163 1198 4216 20
1216 4160 1372 4230 praedicau-

232 4243 295 4298 dum
315 4246 342 4300 P
402 4249 434 4301 21
455 4245 626 4301 distineriV
684 4247 863 4300 obedientiam
882 4249 910 4302 P
969 4249 1003 4302 22
1021 4253 1205 4303 remunerato
1269 4251 1303 4303 23
1321 4245 1371 4300 sub

232 4347 266 4386 m.
279 4349 303 4401 p.
317 4347 355 4401 sp.
369 4351 419 4388 an
488 4335 522 4388 21
541 4333 628 4402 eiquo]
647 4336 708 4388 eto
778 4335 810 4389 25
834 4333 979 4388 affaturV
1047 4335 1081 4389 26
1104 4337 1219 4388 stantem
1238 4351 1253 4388 a
1272 4333 1371 4387 dextris

233 4417 308 4475 dein
360 4419 402 4473 dei
420 4423 536 4474 stantem
555 4420 583 4474 P
