3244 5130
321 495 382 560 112
703 497 739 552 11.
759 499 802 551 Do
820 498 941 567 spiritu
960 501 1071 552 sancto
1189 515 1191 520 ·

321 673 467 756 spiritum
484 674 712 740 demonstrauit
727 676 846 739 dicens:
871 677 987 740 nolite
1003 677 1159 741 solliciti
1177 696 1272 757 esso,
1293 677 1454 758 qualiter

316 781 379 841 aut
408 777 494 860 quid
527 779 675 843 dicatis.
715 781 872 864 spiritus
904 781 999 845 enim
1031 785 1184 845 sanctus
1215 780 1363 845 docebit
1390 799 1454 845 uos

315 881 350 944 in
375 882 442 946 illa
464 883 567 964 hora,
591 901 683 965 quac
706 888 878 968 oporteat
905 885 1035 948 dicere.
1075 885 1246 949 secundum
1277 885 1354 949 haec
1382 903 1454 968 ergo

316 986 458 1067 quotiens
490 991 545 1050 aut
568 988 712 1070 spiritum
735 991 832 1072 patris
861 993 916 1052 aut
939 990 1081 1072 spiritum
1105 989 1154 1053 dei
1182 989 1305 1073 legeris,
1337 989 1455 1072 specia-

276 1114 288 1153 ε
315 1090 385 1153 liter
416 1091 454 1154 ad
485 1091 629 1174 spiritum
660 1097 805 1158 sanctum
835 1112 903 1156 esse
934 1093 1130 1158 referendum
1161 1093 1299 1176 deposito
1327 1111 1454 1157 necesse

315 1199 364 1258 ost
386 1213 488 1259 errore
512 1196 650 1260 fatearis.
679 1197 753 1260 item
771 1197 878 1262 Esaias
894 1216 1016 1280 quoque
1033 1198 1176 1281 spiritum
1193 1202 1338 1262 sanctum
1354 1216 1452 1261 unum

314 1300 345 1364 in
373 1301 472 1384 gloria
500 1302 647 1366 trinitatis
671 1303 867 1384 adnumerat,
896 1303 1019 1385 quando
1043 1303 1131 1366 dicit:
1162 1303 1237 1366 uidi
1266 1303 1453 1366 dominum

314 1405 506 1470 sedentem
530 1425 639 1491 super
663 1407 795 1471 solium
821 1408 1008 1470 excelsum
1032 1411 1068 1470 et
1084 1406 1277 1490 Seraphim
1301 1406 1454 1471 stabant
1491 1470 1494 1483 ,

315 1512 351 1572 ε1
390 1509 606 1575 clamabant
644 1511 742 1575 alter
781 1512 823 1576 ad
863 1511 1037 1576 alterum:
1078 1515 1246 1592 sanctus,
1285 1515 1453 1591 sanctus,

263 1635 288 1676 ro
314 1618 468 1678 sanctus
499 1615 667 1680 dominus
699 1616 787 1680 deus
811 1615 982 1681 Sabaoth.
1022 1621 1053 1680 et
1084 1617 1116 1680 in
1140 1616 1342 1697 consequenti
1365 1615 1452 1679 dicit:

314 1719 635 1784 ataudiuiuooem
651 1720 789 1784 domini
813 1721 990 1784 dicentis:
1022 1720 1113 1783 uado
1137 1723 1172 1784 et
1194 1719 1293 1783 dices
1316 1721 1452 1802 populo
1512 1749 1515 1756 ·

312 1822 410 1886 hoio:
444 1823 574 1888 auditu
604 1825 765 1888 audietis
797 1829 832 1888 et
861 1843 931 1888 non
959 1825 1194 1907 intellegetis
1218 1828 1254 1887 et
1279 1823 1451 1888 uidentes

313 1925 494 1991 uidebitis
518 1932 555 1991 et
577 1947 649 1992 non
672 1929 860 1993 uidebitis,
900 1929 950 1992 hio
974 1929 1117 1993 dominus
1140 1926 1287 2008 Sabaoth,
1319 1928 1373 2009 qui
1396 1947 1452 2010 ρετ

313 2031 512 2114 adsumptam
536 2033 782 2115 speciem'uisus
814 2035 862 2097 est
884 2052 902 2097 a
924 2034 1075 2115 propheta
1106 2033 1155 2096 uel
1183 2033 1235 2114 qui
1258 2033 1380 2096 loeutus
1405 2035 1454 2096 est

262 2159 286 2198 rs
312 2136 343 2198 in
367 2137 529 2218 propheta,
553 2139 621 2219 quis
645 2138 747 2218 litorii,
770 2139 802 2202 in
825 2137 946 2202 actibus
970 2139 1179 2222 apostolorum
1203 2137 1319 2201 Paulus
1347 2140 1454 2200 osten·

313 2239 358 2302 dit
380 2240 500 2318 dicens:
525 2240 618 2305 bene
642 2242 800 2325 spiritus
817 2247 970 2306 sanctus
986 2243 1134 2306 locutus
1151 2245 1208 2305 est
1223 2261 1286 2324 per
1302 2241 1453 2304 Esaiam

265 2329 269 2341 ⁸
312 2343 532 2428 prophetam
556 2347 599 2410 ad
621 2351 748 2429 patres
772 2351 935 2412 nostros:
968 2347 1097 2410 auditu
1128 2345 1290 2410 audietis
1318 2349 1352 2408 et
1380 2363 1453 2409 non

312 2449 550 2534 intellegetis
575 2455 610 2515 ct
633 2451 804 2516 uidentes
828 2451 1010 2515 uidebitis
1034 2455 1070 2514 et
1092 2469 1164 2516 non
1187 2449 1376 2513 uidebitis.

356 2553 527 2618 Credamus
551 2556 655 2619 saltim
679 2556 775 2620 Paulo
798 2557 942 2639 praeconi
966 2555 1166 2619 celeberrimo
1189 2553 1341 2632 ueritatis,
1370 2553 1454 2636 quod

260 2680 285 2719 ro
312 2663 439 2722 sanctus
471 2661 597 2743 spiritus
630 2661 725 2724 luerit
755 2661 806 2724 ille
837 2661 980 2724 dominus
1012 2659 1216 2738 exercituum,
1250 2669 1342 2739 quem
1374 2657 1454 2722 uidit

313 2761 422 2827 Esaias
448 2768 479 2828 et
502 2765 554 2846 qui
577 2765 699 2830 locutus
727 2767 775 2828 est
804 2783 859 2848 ρετ
882 2764 1017 2828 Esaiam.
1057 2763 1111 2827 sed
1139 2763 1210 2845 quia
1234 2762 1317 2826 trina
1338 2763 1455 2844 repeti-

312 2867 393 2930 tione
410 2869 564 2951 persultat
580 2872 717 2950 sanctus,
741 2873 878 2948 sanctus,
903 2873 1040 2948 sanctus,
1063 2868 1265 2932 uideamusne
1286 2865 1337 2929 hic
1352 2866 1454 2930 honor

311 2971 349 3034 ad
373 2975 472 3036 totam
489 2975 636 3057 respiciat
651 2975 833 3038 trinitatem.
872 2973 979 3037 Esaias
996 2991 1067 3037 cum
1091 2973 1177 3036 dicit:
1201 2971 1264 3035 nidi
1287 2970 1452 3034 dominum

312 3073 457 3157 Sabaoth,
478 3083 599 3161 patrem
620 3079 742 3142 ludaeis
763 3078 942 3162 agnoscitur
961 3077 1148 3160 praedicare.
1177 3075 1331 3139 Iohannes
1354 3092 1452 3138 ouan-

259 3201 284 3240 τε
312 3180 426 3262 gelista
450 3186 554 3266 aperte
578 3183 678 3246 tilium
701 3181 851 3266 probatur
874 3183 1015 3246 adserere
1038 3183 1082 3246 ita
1105 3182 1224 3245 dicens:
1252 3183 1452 3262 propterea

311 3301 380 3348 non
405 3290 580 3368 poterant
602 3289 753 3352 credere
776 3289 813 3353 in
836 3287 974 3368 lesum,
998 3287 1084 3369 quia
1107 3285 1199 3350 dixit
1220 3283 1365 3349 Esaias:
1393 3303 1452 3347 ex·

248 3445 254 3459 ,
311 3391 482 3455 caecauit
512 3373 637 3456 oculos
670 3411 793 3458 eorum
825 3397 860 3456 et
889 3392 1091 3456 obduranit
1118 3409 1177 3456 cor
1201 3409 1334 3455 eorum.
1373 3389 1452 3454 haec

416 3563 441 3634 l]
460 3565 522 3619 Luc.
539 3569 632 3644 12,11.
698 3566 726 3634 7]
746 3566 814 3619 Esai.
830 3569 853 3630 6,
869 3569 890 3620 l.
956 3565 999 3633 ll]
1018 3565 1087 3618 Esai.
1101 3569 1124 3628 6,
1138 3567 1161 3620 8.
1218 3563 1261 3632 16]
1279 3562 1338 3616 Act.
1352 3565 1395 3628 28,
1408 3565 1450 3618 35.

309 3650 355 3720 25]
374 3651 465 3706 Ioann.
481 3655 520 3716 12,
534 3655 574 3707 39.

356 3820 537 3886 lquotiesV
587 3819 710 3888 legitiso
762 3823 900 3887 dquoque
919 3818 1037 3872 isaiasP
1088 3821 1280 3872 ‘launumerat
1292 3818 1326 3884 P,
1345 3833 1451 3871 annun-

309 3905 457 3960 tiaueratv
510 3907 691 3975 Sexcellisum
708 3908 734 3962 V
785 3910 816 3962 12
835 3906 1031 3974 intellegitisV
1084 3909 1115 3961 14
1134 3905 1338 3973 assumptamP
1388 3921 1451 3974 pro-

308 3985 397 4086 phetis
421 4020 448 4074 P
469 4022 496 4088 (a
518 4039 589 4076 orca
611 4023 670 4089 alt.)
746 4020 790 4088 qui
813 4038 863 4076 orn.
885 4020 913 4074 P
988 4021 1019 4075 15
1045 4017 1157 4087 Paulus]
1185 4015 1319 4087 apostolus
1346 4017 1452 4074 addo

310 4108 342 4161 lo
360 4122 408 4174 per
426 4107 519 4161 isaiam
537 4108 695 4177 prophetam
715 4107 820 4161 locutus
838 4109 918 4162 estP
971 4109 1003 4162 18
1015 4105 1170 4174 intellegitis
1186 4105 1213 4160 V
1264 4107 1295 4160 19
1314 4103 1411 4158 saltem
1426 4104 1454 4159 P

309 4195 415 4260 preconi
433 4195 466 4262 P,
485 4196 643 4262 proconiiV
695 4195 757 4263 quia
774 4195 800 4248 P
851 4197 885 4248 20
904 4193 1013 4262 spiritus
1031 4193 1179 4246 sanctusP
1229 4191 1279 4246 dtis
1296 4193 1326 4260 V,
1345 4190 1453 4246 deusP
1492 4180 1494 4190 ¹

309 4283 340 4334 21
367 4281 444 4334 isaias
468 4283 495 4336 P
565 4282 657 4335 isaiam
681 4283 708 4337 P
780 4285 815 4337 22
837 4282 962 4350 persistat
987 4281 1013 4334 P
1081 4283 1180 4342 saneto,
1204 4283 1303 4342 sancto,
1322 4283 1451 4334 sanctos

309 4367 446 4421 uideamus
469 4385 575 4422 annea
646 4371 679 4424 23
703 4369 735 4422 ad
759 4373 843 4422 totam
868 4387 918 4423 ona.
938 4368 966 4422 P
1034 4367 1112 4420 isaias
1136 4367 1163 4421 P
1231 4369 1265 4421 25
1286 4381 1401 4418 asserere
1425 4368 1453 4421 P

309 4457 342 4511 26
362 4457 440 4510 isaias
459 4457 485 4509 P
