3268 5142
618 483 684 542 1111.
704 485 812 540 Sermo
830 487 872 542 24.
1251 486 1314 552 319

174 661 356 727 nouerimus
388 679 456 727 esse
485 661 652 745 discipulos
681 665 713 726 et
739 661 779 726 ad
805 679 883 744 opus
911 665 1054 727 sanetum
1079 662 1241 727 uideamur
1264 681 1315 728 er·

174 767 270 832 citare
300 766 478 850 magistros.
515 785 588 831 oum
619 767 718 830 simus
748 766 856 850 tepidi,
887 766 1028 850 cogimur
1057 768 1224 832 admonere
1253 768 1315 832 scr-

173 875 296 952 ncntes,
327 889 399 935 oum
430 873 529 936 simus
559 874 748 954 peccatores,
780 871 940 954 arguimus
971 873 1082 952 iustos,
1112 890 1185 936 cum
1215 872 1314 936 simus

172 975 320 1057 imperiti,
343 976 528 1040 instruimus
552 975 668 1056 doctos
692 992 764 1038 cum
787 975 885 1040 simus
909 976 942 1040 in
964 976 1075 1059 pelago
1094 976 1186 1040 huius
1206 977 1315 1041 mundi

172 1079 280 1144 nimiis
309 1079 456 1145 fluctibus
486 1080 605 1164 agitati,
636 1080 676 1144 ad
692 1093 761 1161 eos,
793 1080 846 1161 qui
872 1080 912 1144 ad
941 1084 1066 1164 portum
1095 1081 1159 1144 iam
1186 1081 1315 1146 feliciter
1350 1109 1363 1148 c

169 1188 393 1265 peruenerunt,
416 1183 654 1268 praedicationis
676 1183 775 1249 uerba
795 1184 993 1268 proferimus.

216 1286 277 1353 Sed
300 1291 417 1378 tamen,
445 1289 560 1353 trabes
584 1287 789 1369 dilectissimi,
820 1288 893 1371 quia
915 1289 1018 1353 solent
1040 1307 1136 1353 naues
1160 1289 1314 1374 superatis

172 1394 205 1456 et
231 1392 362 1457 deuictis
389 1391 536 1456 fluctibus
563 1392 669 1476 pelagi
696 1393 791 1456 etiam
818 1392 850 1456 in
873 1397 965 1476 portu
988 1393 1147 1458 tutissimo
1173 1393 1315 1458 laborare

172 1501 216 1576 et,
243 1497 305 1561 nisi
330 1497 457 1581 grandis
485 1497 609 1562 cautela
635 1497 741 1578 fuerit,
761 1515 872 1580 paene
895 1497 1064 1581 submergi,
1096 1516 1167 1562 cnm
1191 1516 1315 1562 summa

172 1601 352 1666 humilitate
369 1605 400 1665 et
418 1601 538 1685 ingenti
560 1601 739 1666 reuerentia
760 1601 975 1682 admonemus,
997 1605 1043 1682 ut,
1067 1602 1140 1684 quia
1154 1619 1210 1666 uos
1227 1601 1315 1666 Chri·
1343 1631 1368 1669 ro

173 1709 243 1769 stus
273 1705 459 1786 capitalibus
489 1705 672 1769 criminibus
702 1709 865 1787 tamqnam
881 1706 934 1770 'de
960 1706 1141 1788 periculosis
1169 1706 1316 1770 liberauit

174 1808 332 1889 fluctibus,
355 1810 388 1874 in
411 1813 503 1894 portu
525 1810 641 1891 quietis
664 1813 696 1874 et
717 1809 919 1874 beatitudinis
943 1811 1105 1875 constituti
1126 1828 1240 1894 paruas
1261 1829 1316 1874 ne·

173 1915 350 1998 glegsntias
381 1919 413 1978 et
442 1915 532 1995 quasi
561 1914 684 1979 minuta
712 1918 849 1997 peccata,
880 1932 959 1996 quae
990 1915 1035 1978 sio
1058 1915 1091 1978 in
1115 1915 1220 1979 anima
1243 1933 1316 1979 con-

174 2017 286 2099 fluunt,
317 2019 472 2100 quomodo
501 2037 557 2102 per
587 2019 815 2083 minutissimas
846 2019 935 2083 nauis
966 2019 1096 2084 rimulas
1125 2019 1158 2083 in
1191 2020 1316 2084 sentina

173 2126 284 2206 guttae
308 2128 508 2204 concurrunt,
536 2141 608 2187 cum
631 2124 717 2187 omni
739 2123 904 2206 uigilantia
926 2122 1050 2188 Christo
1073 2124 1241 2188 adiuuante
1265 2143 1316 2187 ex·
1343 2151 1368 2191 n

174 2227 299 2291 haurire
322 2227 438 2311 iugiter
464 2227 630 2292 festinetis.
668 2245 742 2291 nam
770 2227 924 2310 quomodo
953 2228 1052 2308 nauis,
1082 2231 1193 2311 postea
1222 2247 1316 2310 quam

173 2331 278 2415 pelagi
308 2329 421 2396 fluctus
451 2333 597 2416 suaserit,
628 2332 656 2396 si
685 2333 717 2396 in
746 2334 838 2415 portu
868 2332 1028 2396 sentinata
1054 2349 1116 2397 uon
1143 2332 1248 2413 fuerit,
1279 2333 1316 2397 de

174 2435 398 2500 minutissimis
420 2436 519 2520 guttis
543 2436 691 2520 impletur
714 2439 746 2500 et
768 2437 930 2520 mergitur,
954 2437 998 2500 sic
1021 2439 1053 2501 et
1071 2437 1243 2502 monachus
1264 2437 1317 2500 de·

174 2540 265 2604 uictis
296 2543 328 2604 et
357 2541 510 2623 superatis
540 2541 650 2604 mnndi
679 2540 770 2604 huius
802 2541 983 2604 criminibus
1014 2541 1102 2622 quasi
1132 2541 1316 2623 periculosis

174 2643 333 2724 fluctibus,
364 2661 437 2708 eum
468 2645 508 2708 ad
536 2648 662 2728 portum
686 2645 870 2709 monasterii
896 2645 1028 2726 uenerit,
1059 2645 1085 2709 si
1115 2644 1317 2727 subrepentia
1343 2671 1370 2710 ro

174 2747 254 2812 uitia
281 2751 314 2812 et
340 2749 464 2813 minuta
491 2752 523 2813 et
549 2749 706 2814 cotidiana
731 2752 860 2831 peccata
886 2749 924 2813 de
947 2749 1071 2818 animae
1094 2767 1169 2813 suae
1193 2749 1318 2814 sentina

175 2853 339 2917 exhaurire
362 2853 543 2936 neglexerit,
567 2853 689 2937 inipso
712 2857 803 2938 portu
826 2853 981 2936 naufragii
997 2853 1163 2918 discrimen
1178 2853 1316 2918 incurrit.

220 2955 282 3021 Sed
308 2956 383 3021 dicit
410 2957 536 3040 aliquis:
567 2957 720 3038 quomodo
743 2961 848 3040 potest
874 2958 981 3022 anima
1003 2957 1173 3022 sentinari?
1211 2959 1318 3039 utique

175 3061 303 3140 orando,
326 3061 501 3142 ieiunando,
524 3061 692 3145 uigilando,
716 3079 825 3126 ueram
848 3062 1011 3126 caritatem
1034 3065 1065 3126 et
1087 3079 1196 3126 ueram
1215 3061 1318 3126 humi-

175 3166 300 3230 litatem
331 3169 363 3229 et
390 3183 497 3230 ueram
524 3165 755 3231 oboedientiam
783 3165 963 3230 exhibendo.
1002 3167 1165 3246 attendite,
1193 3167 1317 3247 fratres,
1344 3191 1370 3232 ss

177 3287 303 3352 quaeso.
336 3270 491 3352 quomodo
507 3271 597 3334 nanis
621 3271 796 3334 sentinatur
819 3289 838 3334 a
860 3270 964 3350 situla,
988 3271 1032 3334 sic
1055 3273 1160 3335 anima
1182 3269 1221 3335 ab
1245 3288 1318 3352 ope·

176 3373 265 3438 ribus
285 3373 379 3438 malis
394 3375 532 3439 oratione
548 3374 706 3439 dominica
719 3373 881 3456 liberatur,
905 3375 933 3438 si
948 3374 1031 3439 dieat
1046 3379 1079 3440 et
1093 3393 1204 3440 uerum
1220 3375 1317 3440 dicat:

179 3477 330 3542 dimitte
354 3477 460 3543 nobis
483 3479 610 3544 debita
631 3483 775 3559 nostra,
806 3479 904 3543 sicut
933 3483 969 3544 et
999 3497 1063 3544 nos
1091 3480 1317 3544 dimittimus

180 3579 417 3646 debitoribus
444 3583 596 3647 nostris.
634 3583 688 3665 qui
714 3583 798 3648 enim
825 3581 971 3647 omnibus
998 3583 1031 3647 in
1061 3602 1094 3646 se
1116 3583 1317 3666 peccantibus

180 3683 351 3750 elementer
373 3685 547 3767 indulserit,
575 3686 692 3750 nullius
714 3687 835 3770 peccati
857 3686 1028 3770 uestigium
1051 3687 1084 3750 in
1107 3687 1190 3751 illins
1213 3688 1319 3752 anima
1344 3713 1370 3752 oo

180 3787 364 3854 remanebit.
404 3790 566 3871 attendito,
589 3790 713 3870 fratres,
737 3793 769 3854 et
783 3791 985 3870 considerate,
1009 3791 1090 3873 quod
1111 3790 1184 3870 diui,
1211 3791 1319 3872 quiin

182 3911 215 3956 se
235 3894 378 3976 peccanti
399 3893 573 3976 indulserit,
603 3911 666 3958 non
689 3893 761 3976 oin,
791 3895 884 3976 qnod,
915 3895 968 3976 qui
999 3895 1030 3958 in
1054 3895 1110 3959 deo
1133 3895 1318 3977 peccauerit,

283 4083 330 4153 28]
348 4081 445 4138 natm.
458 4085 482 4148 6,
497 4085 537 4139 12.

224 4255 351 4312 odocar
369 4255 502 4325 (doctores
518 4257 546 4324 o)
564 4256 723 4310 instruimus
746 4257 784 4313 Co
854 4260 981 4313 5tamo
1050 4257 1277 4328 dpraodiotionio
1294 4279 1318 4330 c,
1424 4325 1431 4342 Ι

183 4342 330 4411 pntoiso
382 4345 415 4400 18
432 4339 577 4400 minutiso
628 4346 663 4400 26
680 4358 762 4412 queso
779 4343 865 4400 sno
918 4359 1015 4413 quaeso
1031 4363 1112 4401 om
1172 4349 1205 4402 27
1223 4345 1318 4400 libera·

185 4435 228 4484 tur
244 4433 362 4486 oratione
380 4431 514 4486 dominica
531 4433 558 4486 A
