3264 5134
286 383 346 446 104
665 380 699 433 ll.
720 381 763 433 Dc
782 381 902 448 spiritu
923 383 1034 432 sancto

283 561 434 642 quomodo
464 559 626 622 ecclesiam
657 557 841 622 catholicam
872 557 1032 620 nominare
1063 557 1175 620 audeat
1205 556 1416 636 Macedoniae,

283 665 334 746 qui
357 667 443 726 extra
465 662 649 726 catholicam
672 663 741 725 enul
765 662 874 725 salutis
899 661 1041 725 exclusus
1058 663 1106 724 est
1122 679 1158 723 ex
1174 661 1298 724 illorum
1315 660 1416 724 factus

283 787 421 848 numero,
445 769 482 831 de
505 767 617 849 quibus
638 767 762 830 dicitru:
786 767 823 829 in
847 766 1006 830 circuitu
1029 766 1136 848 impii
1159 765 1415 829 ambulabunt.

284 892 356 957 argo
379 872 469 936 dicis:
494 873 584 936 credo
607 871 639 935 in
664 875 805 934 sanctam
829 871 992 934 ecclesiam
1016 871 1208 935 catholicam.
1248 872 1322 954 quid
1345 889 1418 952 sup-

243 1007 256 1046 s
283 977 424 1061 ponendo
448 978 602 1059 exiguam,
625 975 656 1038 id
680 979 727 1039 est
748 977 780 1039 in
804 974 956 1056 syllabam
980 976 1142 1058 ingentem
1163 977 1327 1060 caliginem
1344 975 1418 1041 sub·

283 1087 386 1146 tenera
399 1083 540 1146 conaris?
565 1081 718 1144 credimus
735 1080 897 1144 ecclesiam
915 1081 1002 1162 quasi
1017 1082 1260 1163 regenerationis
1274 1087 1416 1161 matrem,

283 1205 344 1251 non
373 1188 405 1250 in
436 1185 600 1250 ecclesiam
630 1185 785 1248 credimus
817 1185 905 1266 quasi
935 1185 967 1248 iu
996 1185 1106 1248 salutis
1130 1191 1297 1251 auctorem.
1345 1204 1416 1251 nam

283 1310 354 1356 cum
377 1291 435 1356 hoc
459 1290 496 1353 de
520 1289 631 1372 spiritu
655 1292 763 1353 sancto
786 1290 931 1353 uniuersa
954 1287 1138 1353 confiteatur
1161 1291 1299 1370 ecclesia,
1328 1310 1418 1354 num-

283 1397 356 1479 quid
380 1400 410 1459 et
432 1396 463 1459 in
488 1395 712 1476 semetipsam
735 1394 865 1457 ccclesia
888 1394 1012 1457 credere
1035 1397 1158 1476 potest?
1197 1413 1269 1479 crgo
1293 1413 1365 1458 cum
1387 1396 1418 1458 in

230 1533 255 1572 ιο
282 1501 381 1565 solam
405 1499 578 1583 specialiter
602 1498 684 1561 credi
707 1502 846 1579 oportere
869 1499 1042 1562 trinitatem
1063 1499 1157 1563 etiam
1174 1502 1417 1564 memoratorum

281 1610 407 1689 patrum
438 1608 503 1668 toto
533 1603 689 1667 celebrata
718 1601 791 1667 orbe
823 1603 963 1667 doctrina
993 1603 1169 1684 confirmet,
1204 1609 1258 1669 aut
1289 1622 1417 1669 remoue

282 1711 362 1774 hanc
393 1709 431 1772 da
461 1709 609 1772 ecclesiae
633 1700 765 1772 'nomine
795 1707 948 1790 syllabam
980 1711 1035 1772 aut
1065 1712 1148 1772 certe
1178 1709 1302 1773 credere
1332 1713 1363 1772 te
1385 1709 1417 1773 in

283 1815 445 1878 ecclesiam
475 1813 642 1877 manifesta
671 1812 860 1896 professione
891 1814 1049 1896 scripturis
1080 1814 1199 1894 adsere,
1230 1814 1417 1878 testimoniis

283 1921 367 2000 doce,
398 1918 510 1983 diuinis
534 1917 665 1983 oraculis
688 1921 807 1981 remota
830 1917 997 1984 uerborum
1019 1921 1144 1984 tuorum
1167 1919 1418 2002 praesumptione

232 2054 257 2094 15
284 2025 442 2088 conuince.
832 2010 835 2022 '

327 2129 374 2192 De
404 2129 499 2192 sacris
530 2127 706 2192 omnimodo
737 2126 948 2192 uoluminibus
980 2147 1058 2210 qnae
1077 2133 1163 2196 ,sunt
1193 2129 1345 2193 credenda
1368 2148 1420 2193 su·

285 2251 418 2314 mamus,
449 2232 487 2296 de
517 2249 649 2313 qnorum
680 2231 766 2296 fonte
789 2232 923 2314 symboli
945 2233 1042 2314 ipsius
1066 2235 1161 2297 series
1185 2234 1324 2297 deriuata
1347 2233 1420 2297 sub-

284 2337 374 2402 sistit.
421 2337 474 2418 qui
495 2337 527 2400 in
552 2337 715 2400 ecclesiam
738 2336 836 2400 credit
858 2338 890 2400 in
912 2337 1073 2401 hominem
1097 2337 1203 2401 credit.
1249 2355 1311 2402 nou
1335 2339 1419 2402 enim

284 2444 376 2506 homo
399 2461 435 2504 er
458 2441 599 2521 ecclesia,
623 2441 677 2504 sed
701 2441 832 2504 ecclesia
854 2441 956 2522 coepit
979 2459 1047 2504 csse
1072 2461 1107 2505 en
1131 2442 1264 2506 homine.
1311 2441 1419 2506 recede

232 2548 388 2629 coituque
419 2545 457 2610 ab
487 2546 546 2609 hac
574 2545 788 2628 blasphemiae
820 2545 1034 2628 persuasione,
1069 2549 1103 2608 ut
1133 2546 1164 2608 in
1195 2545 1332 2627 aliquam
1363 2546 1420 2610 hu-

285 2669 411 2716 manam
442 2650 565 2714 credere
596 2653 626 2714 te
657 2649 768 2713 debere
799 2650 944 2713 aestimes
975 2653 1163 2730 creaturam,
1194 2668 1273 2713 cum.
1296 2651 1420 2714 omnino

284 2775 341 2820 nec
374 2756 405 2818 in
440 2756 586 2839 angelum
621 2773 677 2818 nco
711 2755 742 2817 in
775 2753 999 2837 archangelum
1030 2755 1069 2818 sit
1100 2753 1297 2818 credendum.
1344 2755 1420 2818 haec

286 2860 379 2940 enim,
410 2877 488 2940 quae
515 2859 547 2923 in
571 2859 711 2941 symbolo
734 2863 806 2940 post
828 2859 928 2922 sancti
952 2859 1077 2941 spiritus
1101 2849 1214 2922 nomen
1238 2861 1419 2940 sequuntur,

286 2963 324 3026 ad
355 2963 526 3027 clausulam
558 2962 691 3046 symboli
721 2967 841 3027 remota
870 2963 902 3025 in
929 2963 1155 3045 praepositione
1178 2962 1356 3044 respiciunt,
1387 2965 1419 3026 ut

233 3095 258 3134 rs
286 3069 426 3131 sanctam
451 3067 628 3147 ecclesiam,
659 3071 837 3131 sanctorum
861 3067 1123 3146 communionem,
1155 3066 1327 3130 abremissa
1348 3085 1420 3150 pec-

285 3175 435 3251 catorum,
466 3171 567 3234 carnis
597 3172 865 3251 resurrectionem,
895 3171 996 3235 uitam
1019 3175 1178 3234 aeternam
1202 3171 1364 3235 credamus
1387 3173 1419 3235 in

285 3277 388 3355 deum,
418 3275 528 3355 idest,
559 3279 594 3338 ut
624 3275 701 3339 haec
724 3293 742 3338 a
765 3275 821 3339 deo
845 3275 995 3356 disposita
1018 3279 1049 3338 et
1072 3275 1104 3338 in
1128 3277 1183 3338 deo
1207 3279 1349 3340 constare
1372 3275 1420 3339 ia-

389 3483 417 3552 e]
435 3482 534 3536 usum.
550 3485 589 3546 11,
603 3486 625 3538 a.

328 3674 550 3731 lmachcdonius
570 3675 625 3730 PV
686 3673 860 3728 3ambulant
878 3676 906 3729 P
968 3674 1108 3742 4quodc
1171 3639 1374 3752 supponendum
1396 3676 1422 3730 V

284 3764 463 3830 (omotaalt.)
510 3759 699 3830 SnuuquidP
745 3761 983 3818 hecclesiacmP
1030 3764 1061 3818 10
1074 3762 1234 3830 oporteatP
1280 3762 1423 3815 lltotaP

286 3877 318 3930 12
337 3875 403 3928 ccrit
420 3875 448 3928 P
500 3877 531 3930 13
549 3840 724 3944 professionbb
746 3875 772 3928 V
787 3876 827 3940 (ex
845 3877 989 3941 roumalt.)
1042 3890 1156 3927 asserere
1174 3875 1202 3928 P
1254 3876 1286 3930 14
1305 3839 1423 3929 tume

287 3965 317 4016 17
337 3961 451 4014 diriuata
470 3962 498 4015 P
561 3965 592 4016 19
611 3977 666 4014 csse
685 3979 735 4016 ona
753 3961 779 4014 V
845 3977 900 4013 csse
918 3961 1021 4030 capito
1091 3961 1178 4013 omine
1198 3963 1233 4014 Ρ1
1304 3963 1338 4016 20
1357 3977 1420 4015 cxc

285 4048 445 4118 blaspcrniac
465 4049 491 4101 P
553 4051 584 4103 21
604 4051 631 4100 te
650 4049 758 4102 estimes
778 4047 871 4101 debere
891 4048 994 4101 credere
1013 4049 1041 4101 P
1104 4047 1192 4102 oririno
1212 4049 1239 4102 P
1304 4050 1339 4104 23
1357 4049 1420 4126 sim·

284 4160 345 4215 bolo
359 4161 386 4214 P
436 4164 561 4214 secuntur
578 4163 604 4216 V
654 4163 686 4215 24
700 4161 902 4229 recipiunturP
952 4164 985 4216 25
999 4161 1195 4228 abremissaV,
1214 4126 1422 4227 abremissme

283 4249 382 4314 (ronam
404 4266 474 4304 moa.
494 4250 571 4315 tert),
594 4247 775 4301 remissionem
798 4267 813 4302 u
900 4249 934 4303 26
961 4246 1100 4301 credamus
1124 4249 1164 4302 bis
1187 4248 1228 4302 Po
1316 4248 1349 4301 27
1374 4245 1420 4298 dc-

285 4335 405 4405 positae
