3264 5134
633 473 730 529 Liber
747 475 776 529 11
794 477 870 532 4-5.
1274 477 1314 543 67

178 648 318 729 aduerte,
334 650 407 730 quia
421 667 483 714 non
500 649 639 714 excludit
649 650 749 734 operis
770 651 919 731 studium,
941 652 994 714 sed
1014 652 1170 734 operantis
1190 653 1317 734 requirit

177 752 379 835 obsequium,
409 772 467 818 neo
494 753 633 818 laborem
665 755 824 819 seruitutis
854 758 991 836 recusat,
1022 755 1077 818 sed
1105 756 1316 821 humilitatem

178 857 295 922 mentis
315 857 461 922 insinuat.
500 858 614 922 uitium
635 877 717 942 ergo,
741 859 823 941 quod
843 859 983 924 laborem
999 859 1219 941 inperitissime
1235 861 1284 924 ref
1304 897 1317 907 -

177 960 330 1045 giendum
358 965 466 1044 putas,
495 980 558 1026 non
589 963 622 1026 in
654 981 759 1045 opere,
791 963 845 1030 sed
872 964 904 1028 in
931 963 1022 1028 corde
1049 964 1199 1028 consistit.
1244 965 1317 1028 totis

177 1083 253 1150 ergo
276 1065 396 1130 uiribus
418 1066 581 1147 laborabo,
610 1067 665 1131 sed
688 1067 837 1149 quidquid
860 1068 898 1132 de
925 1085 1061 1150 superna
1082 1069 1226 1152 largitate
1248 1087 1317 1152 per·
1343 1094 1356 1135 o

178 1189 303 1254 cepero,
330 1171 464 1254 gratiae,
491 1189 553 1236 non
580 1171 750 1236 industriae
779 1172 948 1254 deputabo,
976 1171 1163 1237 beneficium
1189 1173 1317 1254 uocabo‚

178 1293 241 1340 non
267 1275 419 1358 pretinm,
446 1275 562 1339 donum
588 1275 727 1340 testabor
754 1295 837 1356 esse,
865 1295 926 1342 non
953 1276 1107 1358 debitum,
1137 1296 1317 1342 remunera-

178 1379 308 1460 tionem,
331 1397 394 1444 non
416 1379 660 1444 retributionem.
704 1380 748 1444 ita
770 1399 841 1444 oum
867 1400 903 1444 ex
926 1379 1025 1445 officio
1048 1381 1162 1462 aliquid
1185 1382 1316 1466 agimus,

179 1501 378 1566 nequaquam
401 1501 458 1547 nos
481 1484 623 1567 inputare
650 1485 706 1549 deo
733 1503 916 1567 possumne,
939 1485 1020 1566 quia
1047 1485 1209 1566 soluimus,
1236 1486 1317 1568 quod

180 1587 342 1652 debemus
387 1591 421 1651 tu
441 1607 515 1652 uero
535 1588 659 1652 diuinae
682 1607 722 1653 ne
745 1589 886 1673 inuideas
909 1588 1052 1670 bonitati,
1076 1590 1102 1653 si
1125 1609 1213 1673 opus,
1236 1590 1319 1672 quod
1346 1614 1370 1655 ro

180 1710 271 1756 ame
295 1692 350 1756 illa
372 1692 541 1756 adiuuante
564 1691 644 1757 bene
666 1697 791 1776 gestum
815 1696 876 1773 est,
904 1694 954 1757 uel
982 1694 1077 1758 etiam
1100 1697 1227 1775 accepta
1248 1713 1318 1776 per·

180 1796 321 1860 diderim.
366 1797 424 1861 hoo
453 1815 568 1880 genere
599 1815 657 1862 neo
679 1799 817 1862 conuerti
841 1816 892 1862 eos
915 1799 1102 1880 permittunt
1124 1799 1208 1862 mala
1229 1817 1318 1880 prae·

180 1900 322 1965 cedentia
346 1919 403 1965 nec
428 1901 540 1964 sanari.
773 1905 778 1914 '

732 2091 769 2156 V.

182 2234 303 2276 coma
328 2233 400 2293 1100,
423 2234 508 2283 QUOD
532 2234 662 2276 mooun:
691 2233 753 2276 NON
779 2233 845 2275 ΤΔΗ
872 2233 987 2276 nonum
1010 2235 1097 2284 Quam
1119 2235 1181 2278 NON
1204 2236 1318 2278 Porum
1347 2240 1370 2278 lb

183 2321 302 2364 SALUUS
318 2320 404 2380 ESSE,
425 2321 478 2370 Qun
494 2321 609 2380 PERIH',
630 2320 725 2363 111an
742 2321 826 2370 QUOD
847 2321 997 2364 adoratus:
1018 2323 1058 2362 ΕΤ
1073 2322 1134 2366 NON
1154 2323 1319 2370 Ponnnan'r

634 2413 639 2422 ‘
675 2408 830 2450 canonum.

224 2525 312 2590 Inter
342 2524 420 2589 haec
454 2543 526 2589 cum
558 2525 712 2590 Iohannes
748 2527 942 2610 euangelista
970 2531 1207 2592 commemoret:
1240 2545 1320 2608 pro-

182 2633 312 2714 pterea
332 2648 403 2694 non
423 2633 597 2713 poterant
616 2629 782 2712 credere,
805 2631 891 2712 quia
909 2631 1046 2695 iterum
1067 2631 1161 2694 dixit
1175 2631 1319 2694 Esaias:

184 2735 401 2798 encaeoauit
428 2734 554 2799 oculos
583 2753 708 2798 eornm
736 2738 773 2798 et
795 2735 988 2799 induranit
1011 2753 1134 2799 eorum
1162 2753 1236 2816 cor,
1264 2736 1321 2800 hoo
1348 2761 1373 2800 20

182 2838 248 2904 loco
272 2838 405 2904 elocutio
428 2839 573 2904 conclusa
596 2840 640 2904 sio
662 2843 801 2920 resonat,
829 2840 919 2920 quasi
947 2840 991 2903 eis
1016 2857 1078 2904 non
1102 2839 1246 2903 credendi
1268 2858 1322 2904 ne-

182 2943 314 3007 cessitas
330 2941 437 3026 inponi
458 2944 599 3007 uideatur
618 2944 735 3008 inuitis.
770 2943 825 3007 sed
845 2961 881 3008 en
901 2943 963 3008 illis
984 2961 1109 3008 oausam
1131 2943 1181 3006 uel
1198 2944 1322 3027 ordpam

183 3047 413 3120 incredulitatis,
438 3050 576 3112 exortam
603 3049 634 3111 in
662 3047 924 3130 consequentibus
952 3048 1093 3112 lectionis
1121 3047 1194 3112 ordo
1222 3047 1322 3112 mani-

182 3151 277 3216 lestat
300 3152 345 3216 ita
367 3151 487 3216 dicens:
510 3170 637 3216 nerum
665 3155 789 3216 tamen
817 3156 854 3216 et
880 3171 920 3215 en
948 3151 1185 3234 principibus
1215 3152 1322 3216 multi

182 3255 424 3320 crediderunt
446 3257 481 3320 in
503 3275 598 3338 eum,
622 3255 1090 3340 sedpropterPharisaeos
1114 3274 1184 3320 non
1208 3255 1322 3319 confi·
1349 3284 1374 3321 ne

183 3359 375 3440 labantur,
405 3363 445 3424 nt
475 3361 517 3424 de
544 3379 734 3444 synagoga
757 3378 828 3424 non
852 3361 1072 3424 eicerentur.
1112 3360 1323 3424 dilexerunt

184 3466 280 3528 enirn
302 3465 462 3548 gloriam
484 3465 674 3529 hominnm
698 3464 815 3548 magis
839 3481 945 3546 quam
972 3465 1129 3548 gloriam
1156 3464 1222 3528 dei.
1268 3464 1323 3528 ab·

185 3569 285 3634 solute
311 3569 363 3632 hic
385 3569 514 3650 indicat,
545 3569 625 3634 sieut
648 3569 740 3633 etde
763 3568 889 3634 Simone
915 3569 1064 3652 legimur,
1093 3568 1188 3631 etiam
1215 3567 1323 3632 infide-

186 3671 267 3736 libns
293 3675 359 3736 uim
381 3673 573 3738 credulitatis
600 3673 698 3738 fnisse
727 3673 899 3753 conlatam,
930 3673 1052 3754 quibus,
1083 3673 1164 3736 sicut
1190 3673 1323 3736 facultas

187 3777 331 3842 credendi
354 3777 467 3858 adluit,
495 3777 540 3842 ita
561 3779 707 3842 noluntas
735 3777 834 3842 deluit
856 3776 1031 3842 confitendi.
1078 3777 1159 3859 qnod
1183 3777 1322 3858 credunt,
1350 3805 1376 3843 so

290 3931 333 4002 18]
352 3931 444 3989 Ioann.
465 3935 504 3998 12,
518 3935 559 3988 39.
613 3931 659 4002 24]
678 3932 769 3986 Ioann.
790 3934 829 3996 12,
843 3933 885 3988 42.

229 4073 337 4141 3qnoc
380 4070 528 4127 blaboroo
564 4071 736 4141 perciperoP
768 4069 999 4127 8retributionem
1013 4089 1037 4140 c,
1049 4071 1326 4124 remunerationemP

191 4161 219 4214 ll
239 4157 284 4213 illa
301 4161 409 4228 scripsi,
431 4157 477 4212 illo
495 4159 524 4214 P
583 4158 744 4228 perdiderim
762 4161 870 4228 scripsi,
888 4157 1058 4227 perdiderant
1075 4159 1110 4226 P,
1126 4157 1292 4226 perdiderint
1309 4177 1325 4212 c

192 4247 222 4300 lt
238 4247 353 4317 capitali
369 4263 497 4302 omnmo
514 4264 599 4300 mona
616 4248 714 4302 recedi
731 4247 852 4302 correus
874 4253 926 4300 ert.-
946 4247 1030 4301 uerba
1052 4249 1146 4300 oontm
1167 4246 1257 4300 hoo-
1269 4261 1324 4300 ore-

192 4330 248 4386 dere
264 4337 314 4390 boc
332 4335 390 4390 loco
408 4333 504 4388 &mm
521 4335 552 4388 io
570 4333 598 4387 P
650 4336 682 4390 18
701 4333 822 4388 iohannis
841 4334 869 4388 P
921 4335 954 4390 25
971 4332 1106 4402 phariseos
1124 4334 1153 4388 P
1202 4335 1236 4389 26
1254 4333 1324 4386 sina·

191 4433 255 4488 gogo
272 4421 300 4475 P
350 4423 384 4476 27
403 4419 540 4473 absolutae
559 4419 587 4474 P
1135 4489 1144 4502 .

1139 4507 1169 4560 bt
