3222 5144
321 519 383 584 228
769 519 834 574 1111.
854 520 965 574 Sermo
982 521 1007 575 2.

320 697 414 760 etiam
446 715 529 760 nuno
560 697 713 761 secundus
744 697 847 760 adam
878 696 967 778 quasi
998 697 1036 760 de
1065 697 1183 760 intanta
1213 713 1249 758 ao
1278 694 1347 759 rndi
1377 698 1452 758 terra

318 801 460 885 uirginea
491 820 583 865 earne
615 802 775 867 formatur.
830 820 914 881 ecre,
944 801 1087 883 inquam,
1119 801 1231 864 iterum
1261 801 1452 864 cessantibus

319 909 448 970 naturae
472 905 594 990 legibus
611 924 710 970 nonus
733 907 826 970 bomo
850 905 880 969 in
899 924 1013 970 nouam
1037 907 1134 969 uitam
1150 905 1215 969 solo
1231 904 1288 968 deo
1311 907 1452 987 operante

318 1009 485 1092 perficitur.
543 1011 736 1093 promittitur
768 1028 841 1094 ergo
876 1010 1005 1094 uirginis
1041 1011 1122 1073 tilius
1156 1029 1211 1092 per
1244 1008 1451 1072 uisitationem

279 1113 446 1196 sspiritus
470 1115 581 1183 saneti.
613 1115 687 1196 quid
715 1115 830 1178 mirum
859 1115 883 1178 si
912 1115 979 1177 sine
1007 1115 1201 1196 corruptione
1229 1113 1377 1191 nascitur,
1404 1111 1452 1194 qni

318 1217 356 1282 de
377 1218 623 1282 sanctificatione
646 1219 826 1302 oonoipitm.
866 1237 927 1283 non
952 1219 1035 1283 enim
1059 1218 1199 1298 decebat,
1222 1223 1267 1296 ut,
1291 1218 1345 1299 qui
1368 1215 1453 1280 nobis

318 1322 465 1388 omnibus
481 1323 643 1388 adferebat
658 1323 804 1402 salntem,
821 1324 879 1388 soli
903 1324 995 1387 matri
1011 1323 1198 1406 integritatis
1214 1341 1275 1386 non
1296 1319 1453 1404 praeberet

319 1427 512 1512 dignitatem.
560 1428 732 1511 spiritns,
765 1429 874 1509 inquit,
906 1431 1059 1492 sanetus
1090 1427 1331 1509 superueniet
1358 1425 1394 1489 in
1422 1429 1454 1488 te

319 1536 353 1596 et
384 1531 504 1596 uirtus
535 1532 716 1596 altissimi
747 1531 984 1596 obumbrabit
1014 1535 1059 1595 te.
1111 1531 1242 1615 dignum
1265 1531 1357 1612 plane
1381 1533 1454 1606 erat,

267 1665 292 1702 ro
319 1641 352 1700 ut
375 1635 474 1719 regali
498 1635 693 1700 honestanda
717 1641 817 1700 mater
839 1639 931 1717 partu
954 1636 1040 1718 prius
1056 1635 1199 1698 caelestis
1222 1635 1305 1718 regis
1321 1632 1455 1698 sanetifi-

318 1745 441 1804 earetur
467 1741 621 1824 ingressu.
668 1741 750 1804 nnde
774 1740 935 1804 dominum
965 1745 994 1804 et
1019 1740 1207 1803 saluatorem
1232 1743 1373 1803 nostrum
1396 1757 1454 1802 non

319 1845 386 1908 ideo
417 1845 592 1928 simplicem
624 1845 784 1908 borninem
816 1844 990 1924 credamus,
1021 1845 1094 1926 quia
1122 1849 1151 1908 et
1182 1844 1341 1908 hominem
1372 1841 1455 1906 nasei

320 1948 473 2013 uidemus.
521 1949 567 2012 fas
596 1967 656 2012 non
686 1955 744 2028 est,
772 1953 805 2012 ut
835 1967 896 2012 non
920 1949 997 2012 deus
1020 1949 1173 2028 credatur,
1201 1949 1249 2011 oui
1272 1949 1456 2012 descensuro

321 2053 358 2116 ad
383 2059 482 2116 terras
506 2071 524 2116 a
547 2054 604 2116 deo
627 2053 843 2117 babitaculum
870 2057 1082 2136 praeparatur.
1129 2053 1235 2116 diuina
1257 2053 1363 2135 itaque
1385 2071 1457 2134 ope·

269 2184 294 2224 rs
320 2161 408 2220 rante
431 2157 571 2240 potentia
594 2159 749 2221 credentis
774 2159 893 2220 nistera
921 2158 1129 2221 fecundantur
1152 2161 1181 2220 et
1210 2159 1240 2220 in
1269 2157 1354 2240 ligno
1377 2174 1457 2219 mor-

319 2261 374 2326 tali
404 2261 488 2324 uitae
520 2261 612 2324 arbor
640 2263 785 2326 inseritur
819 2267 848 2324 et
880 2267 1008 2343 portans
1036 2261 1067 2324 in
1097 2280 1129 2323 se
1157 2261 1262 2324 omnia
1292 2261 1390 2324 uirtus
1418 2259 1456 2322 ab

320 2365 499 2430 infirmitate
523 2372 665 2447 portatur
691 2371 733 2444 et,
764 2367 815 2448 qui
840 2371 932 2444 terra,
964 2367 1042 2429 nrari
1066 2367 1212 2447 eaeloqne
1235 2383 1296 2428 non
1326 2365 1457 2448 eapitur,

320 2471 402 2535 intra
433 2471 525 2535 unius
556 2471 731 2554 eorpusruli
763 2469 903 2532 membra
934 2471 1112 2551 suscipitur.
1163 2470 1200 2533 de
1230 2475 1372 2532 ereatura
1402 2486 1456 2530 sua

322 2586 444 2639 ereator
459 2575 599 2639 omnium
624 2575 763 2638 naseitur
779 2586 808 2637 et
826 2575 863 2636 de
887 2575 987 2638 riuulo
1003 2592 1058 2637 suo
1081 2575 1151 2637 fons
1168 2593 1301 2656 magnus
1316 2573 1460 2649 exoritur,

266 2709 294 2748 aa
320 2680 406 2744 radix
428 2680 569 2744 omnium
592 2680 630 2742 de
658 2680 796 2762 uirgulta
819 2697 875 2742 suo
903 2680 1043 2742 naseitnr
1065 2683 1094 2741 et
1123 2679 1195 2741 uitis
1222 2696 1297 2741 nera
1324 2677 1460 2760 palmitis

320 2785 370 2848 sni
396 2785 515 2848 fruetus
538 2783 683 2847 eflicitur.

364 2889 462 2952 Adest
488 2907 558 2951 eeee
582 2888 835 2969 exoptatissimus
858 2888 923 2950 dies
946 2889 1046 2971 gratia
1069 2887 1229 2970 geminata
1249 2885 1460 2969 resplendens

320 2993 453 3056 eandore
483 2992 609 3074 quidem
641 2993 781 3055 consueti
815 2993 944 3055 luminis
975 2993 1173 3070 inlustratus,
1208 2991 1262 3053 sed
1296 2991 1461 3074 praecipue

319 3097 471 3161 radiantis
499 3097 579 3160 uteri
611 3097 731 3179 fulgore
758 3115 936 3159 eomseans.
986 3095 1192 3159 eonfiteamur
1218 3113 1292 3178 ergo
1319 3094 1461 3176 inprimis

268 3231 294 3268 a
321 3221 418 3265 unum
442 3201 535 3264 deum
566 3201 728 3264 dominum
758 3212 897 3264 nostrum
926 3215 956 3263 et
986 3220 1047 3264 non
1077 3201 1228 3283 supererit
1251 3201 1341 3264 alter.
1367 3217 1462 3280 quem

321 3308 473 3370 minorem
497 3306 600 3368 dieere
623 3307 790 3386 possimus
836 3307 889 3387 qui
914 3307 999 3370 enim
1021 3325 1119 3368 unum
1143 3307 1305 3384 maiorem,
1328 3304 1463 3367 alterum

321 3411 474 3474 minorem
502 3410 655 3492 loquitur.
684 3410 761 3472 duos
789 3429 822 3472 se
850 3429 978 3474 neeesse
1002 3420 1048 3473 est
1072 3410 1146 3473 deos
1173 3411 1310 3473 fateatur
1334 3407 1461 3472 babere.

321 3516 483 3578 eradamus
512 3515 617 3596 itaque
649 3534 745 3578 unum
777 3516 880 3580 deum.
911 3526 1033 3598 patrem
1064 3524 1094 3578 et
1128 3514 1226 3578 filium
1258 3524 1288 3576 et
1318 3515 1463 3596 spiritum

321 3633 477 3686 sanetum.
505 3630 568 3682 tres
595 3638 756 3701 personas.
785 3639 846 3682 non
871 3625 933 3682 tres
957 3619 1161 3698 snbstantias,
1191 3619 1251 3682 tria
1278 3619 1404 3682 nomina
1432 3628 1463 3680 et

424 3818 453 3886 s]
472 3817 535 3871 aue.
552 3821 575 3875 ι.
587 3820 630 3872 aa.

366 4009 554 4064 arnasano
618 4007 783 4063 amman
833 4007 974 4062 aaran
1025 3975 1227 4076 ruminant
1277 4009 1467 4064 suumn

321 4097 338 4151 6
360 4097 530 4164 muraepitur
552 4097 582 4150 D
650 4097 721 4148 enim
744 4113 880 4164 saporare-r.
898 4096 929 4149 D
998 4099 1014 4150 ἶ
1038 4095 1159 4149 braberet
1183 4097 1223 4150 D¹
1282 4100 1300 4152 8
1322 4096 1415 4164 inquid
1434 4097 1467 4151 D

320 4187 338 4238 9
359 4182 529 4235 obumbrauit
556 4183 586 4238 D
654 4185 686 4238 la
708 4182 753 4234 ido
772 4183 810 4236 D!
862 4185 895 4236 l3
921 4181 1061 4235 dieensuro
1083 4184 1114 4238 D
1176 4187 1208 4238 15
1234 4183 1410 4236 tempotum
1435 4185 1468 4238 D

322 4299 355 4351 ra
383 4295 440 4348 ura
468 4294 498 4349 n
566 4299 601 4350 aa
624 4260 775 4364 asprenas
804 4296 835 4348 n
904 4296 936 4348 aa
973 4295 1102 4348 nnana<
1133 4297 1162 4349 n
1230 4296 1406 4350 manu
1430 4327 1466 4335 -

317 4382 1052 4453 paaatdebacuitanansitundeauapadam.
1106 4385 1313 4440 aemulabo
1357 4385 1467 4438 ffltm

320 4479 435 4542 ultroque
453 4471 559 4524 loooD
