3320 5140
347 495 396 548 XX
794 494 1035 562 Prolegomena.

345 674 507 736 assecutus
539 673 587 735 est
618 689 699 735 anno
721 669 785 733 468
816 671 868 754 (cf.
887 670 1077 734 Mommseni
1099 671 1196 754 prael.
1214 689 1242 752 p.
1261 669 1483 752 XXXXVlII),

345 772 720 840 111111111146811111469
750 775 846 838 libros
871 775 1034 840 Claudiani
1061 777 1093 838 et
1120 775 1212 858 paulo
1241 777 1334 837 antea
1363 773 1483 837 litteras

346 879 454 943 Fausti
471 879 570 944 editas
586 898 655 943 esse
671 880 865 944 coniecerim.
904 897 977 943 nam
999 880 1030 942 in
1051 879 1197 962 epistula,
1221 879 1252 942 in
1269 896 1331 959 qua
1346 879 1484 958 queritur

346 983 546 1065 claudianus,
575 985 657 1066 quod
680 983 822 1049 Sidonius
846 984 968 1048 libellos
992 984 1072 1064 illos,
1101 1003 1177 1066 quos
1202 1001 1257 1046 suo
1281 983 1407 1046 nomine
1430 999 1483 1046 no-

345 1087 461 1152 bilitari
478 1107 540 1152 non
557 1089 684 1170 abnuat,
708 1089 794 1153 nullo
814 1107 964 1170 umquam
986 1089 1194 1171 impertinerit
1209 1088 1359 1168 rescripto
1381 1085 1484 1168 (Olau-

346 1193 455 1256 dianns
487 1193 569 1274 apud
597 1192 757 1258 Sidonium
786 1213 832 1275 ep.
854 1193 919 1256 llll
946 1191 967 1256 2
994 1213 1023 1274 p.
1044 1192 1097 1272 53,
1118 1191 1160 1255 23
1173 1192 1222 1276 L.)
1251 1191 1394 1258 Sidonius
1422 1191 1483 1254 iam

345 1315 426 1380 papa
449 1297 634 1379 appellatur,
662 1299 680 1361 i.
704 1317 729 1361 e.
750 1298 947 1379 praepositus
975 1297 1038 1361 iam
1063 1301 1130 1361 erat
1151 1296 1313 1360 Aruernae
1337 1295 1484 1359 ecclesiae

346 1401 508 1483 episcopus
533 1419 559 1465 a.
576 1399 640 1463 469
664 1403 714 1464 uel
736 1398 925 1464 subfectus
949 1399 1001 1482 (cl.
1019 1401 1197 1464 Mommsen
1221 1401 1242 1464 l.
1257 1401 1303 1484 l).

388 1505 502 1569 Utrum
519 1504 663 1570 Sidonius
687 1523 800 1570 nomen
824 1506 901 1585 eius,
928 1509 1036 1570 contra
1059 1525 1152 1588 quem
1169 1504 1359 1570 Claudianus
1380 1503 1485 1585 dispu-

345 1609 436 1689 tauit,
464 1611 586 1674 nouerit
613 1628 721 1690 necne,
750 1610 801 1672 uix
825 1610 927 1674 ausim
951 1611 1129 1691 diiudicare,
1158 1626 1347 1692 quamquam
1376 1608 1484 1686 altum,

346 1715 383 1777 de
416 1733 475 1795 quo
506 1714 645 1796 queritur
677 1707 880 1794 blandiente,
912 1714 1028 1780 Sidonii
1059 1715 1218 1778 silentium
1248 1713 1381 1777 fortasse
1415 1711 1485 1774 inde

346 1819 491 1901 explicari
513 1823 626 1901 potest,
651 1819 732 1900 qnod
755 1819 949 1883 irascebatur
965 1818 1135 1883 Claudiano
1152 1819 1304 1882 Faustum
1327 1816 1388 1880 sibi
1408 1816 1486 1880 ami·

346 1923 505 1987 cissimum
530 1926 595 1986 tam
619 1925 731 1988 acriter
754 1925 903 2006 carpenti,
950 1928 1111 2006 praeterea
1139 1923 1251 2002 nescio,
1283 1941 1322 1985 an
1354 1939 1390 1985 ea
1419 1922 1486 2003 ipsa

347 2027 383 2090 dc
407 2045 511 2106 causa,
539 2031 706 2110 postquam
730 2028 873 2112 precibus
897 2029 1047 2112 fatigatus
1072 2027 1241 2092 blanniaco
1265 2025 1410 2092 Sidonius
1437 2044 1485 2088 re-

347 2132 471 2213 spondit
494 2131 622 2214 eiusque
646 2151 723 2216 opus
744 2133 868 2217 magnis
889 2151 964 2196 sane
985 2133 1130 2196 laudibus
1152 2132 1203 2214 (cl.
1220 2151 1250 2214 p.
1268 2129 1319 2212 79,
1336 2129 1418 2214 2L.)
1435 2149 1485 2194 ex-

347 2236 428 2316 tulit,
453 2235 616 2300 Claudiani
638 2237 759 2300 litteras
783 2238 848 2301 suis
871 2239 902 2301 in
928 2237 1045 2301 edendo
1069 2236 1244 2318 praefixerit
1267 2273 1307 2281 -
1331 2236 1361 2299 id
1389 2253 1485 2299 unum

347 2340 524 2422 exemplum
555 2359 610 2421 per
641 2345 738 2405 totam
769 2342 973 2424 epistularum
1003 2341 1241 2406 Sidonianarnm
1272 2339 1485 2404 collectionem

346 2445 498 2526 reperitur
517 2481 569 2525 -,
593 2448 628 2508 ut
644 2445 758 2509 Fausto
779 2445 957 2509 ostenderet
975 2445 1121 2527 precibus
1142 2445 1269 2508 demum
1290 2463 1324 2508 sc
1345 2444 1485 2523 cessisse,

346 2551 381 2612 ut
404 2548 546 2612 laudaret
561 2567 637 2632 opus
655 2550 807 2614 Faustum
824 2550 958 2613 amicum
976 2549 1174 2632 impugnans.
1214 2567 1309 2631 quare
1326 2547 1486 2613 Sidonium

347 2672 386 2716 ne
417 2653 575 2716 diuinasse
606 2654 742 2736 quidem,
774 2655 842 2735 quis
874 2657 958 2717 esset
978 2653 1141 2718 Claudiani
1165 2654 1373 2734 aduersarius,
1404 2655 1486 2716 certe

348 2757 385 2820 de
408 2757 524 2822 Fausto
547 2759 647 2822 amico
671 2759 863 2822 mentionem
886 2759 1056 2822 facientem
1080 2759 1156 2838 eius,
1185 2779 1276 2842 qoem
1303 2767 1416 2820 contra
1444 2755 1486 2818 lo-

347 2861 462 2944 quitor
489 2861 532 2945 (p.
548 2861 601 2943 55,
618 2861 720 2943 aaa.)
745 2863 945 2944 Olartdianus,
974 2880 1035 2926 non
1064 2863 1217 2946 cogitasse
1240 2863 1396 2927 Kruschio
1425 2880 1484 2926 non

347 2983 472 3047 prorsus
497 2967 735 3050 adstipulamur.

391 3070 470 3134 Miro
495 3071 585 3135 modo
609 3071 640 3134 in
665 3071 828 3135 Claudiani
855 3072 1023 3152 codicibus,
1055 3089 1131 3154 quos
1162 3072 1308 3153 uidimus,
1339 3071 1486 3136 omnibns

349 3177 486 3238 extrema
508 3177 630 3239 tautum
655 3176 807 3257 epistulae
831 3177 939 3240 Fausti
965 3195 1037 3260 pars
1062 3177 1099 3240 de
1124 3177 1339 3260 corporalitate
1366 3179 1487 3240 creatu-

347 3297 452 3342 rarum
476 3280 547 3344 inde
570 3298 588 3344 a
611 3279 715 3343 uerbis
740 3279 911 3364 praecipis
934 3289 971 3342 nt
998 3279 1208 3365 respondeam
1231 3281 1273 3363 (p.
1294 3279 1365 3360 173,
1382 3279 1416 3364 9)
1438 3299 1487 3343 re-

347 3383 580 3466 periturusque
598 3383 715 3464 dubito,
733 3385 807 3466 quin
821 3383 974 3448 Gennadii
991 3385 1096 3448 uerbis
1114 3385 1195 3448 hanc
1210 3384 1335 3448 tertiam
1352 3387 1486 3464 tantum,

347 3491 383 3552 ut
405 3489 548 3569 diximus,
572 3493 694 3572 partem
717 3489 912 3571 respicientis
940 3490 977 3570 is,
1006 3489 1059 3572 qui
1088 3490 1225 3554 codicem
1250 3489 1422 3570 Claudiani,
1451 3507 1486 3552 ex

348 3611 406 3674 quo
434 3593 532 3656 nostri
559 3593 630 3656 libri
657 3592 804 3675 pendent,
836 3594 1038 3677 archetypum
1066 3594 1201 3678 scripsit,
1232 3599 1407 3658 commotus
1435 3593 1486 3673 sit,

348 3701 382 3761 ut
411 3697 487 3760 duas
517 3698 634 3779 priores
665 3698 816 3780 epistulae
844 3701 949 3781 partes
978 3701 1142 3762 resecaret.
1190 3699 1244 3762 sed
1272 3699 1486 3763 Ferdinandus

347 3801 467 3882 Gabrol,
496 3801 584 3865 cuius
608 3802 905 3866 commentationem
930 3803 966 3866 de
994 3803 1083 3883 libro,
1113 3803 1166 3885 qui
1193 3803 1316 3884 dicitur,
1344 3805 1486 3868 testimo-

348 3906 468 3969 niorum
497 3907 588 3971 modo
616 3907 942 3988 commemorauimus,
975 3909 1117 3972 euincere
1145 3909 1266 3972 studuit
1288 3907 1486 3973 Gennadium

347 4009 522 4092 significare
546 4010 594 4074 his
618 4009 723 4074 uerbis
747 4029 824 4093 opus
841 4011 949 4076 Fausti
973 4031 1056 4076 nunc
1072 4012 1277 4095 deperditum,
1301 4014 1387 4076 cuius
1403 4014 1487 4096 frag-

347 4116 488 4177 mentum
519 4119 655 4179 erstaret
685 4115 905 4180 Auctariorum
934 4117 1035 4200 primo
1066 4118 1176 4201 capite,
1208 4136 1288 4199 quae
1311 4117 1397 4181 Pitra
1423 4118 1443 4180 l.
1465 4117 1484 4180 l.

346 4217 424 4280 libro
447 4219 696 4284 testimoniorum
720 4220 831 4284 adiecit
855 4225 884 4284 et
910 4226 1049 4304 -puto
1077 4226 1185 4286 eontra
1213 4222 1326 4286 codicis
1355 4222 1487 4286 arroteri-

347 4326 444 4386 tatem
468 4359 509 4369 —
533 4323 571 4387 ab
595 4325 661 4408 ipso
682 4325 934 4390 testimoniorum
955 4327 1033 4390 libro
1054 4327 1198 4407 seiunxit,
1221 4331 1386 4410 propterea
1406 4325 1486 4408 quod

215 4497 219 4504 ‚
347 4427 432 4490 Pitra
458 4427 527 4491 illas
555 4430 753 4509 quaestiones
784 4433 815 4493 et
841 4431 1069 4513 responsiones,
1099 4449 1132 4492 er
1162 4430 1274 4511 quibus
1298 4429 1376 4494 liber
1400 4430 1486 4494 testi-
