3268 5142
638 431 703 486 1111.
723 431 832 486 Sermo
851 434 892 488 25.
1269 432 1331 497 327

197 607 378 691 peregrinos
394 607 517 671 assidue
533 609 672 691 excipere
689 611 721 672 et
734 607 924 690 pauperibus
940 609 1116 690 frequenter
1131 609 1333 690 elimosynam

197 711 282 775 dare.
318 714 349 776 et
368 711 446 792 ideo,
470 711 552 794 quod
572 729 714 795 suggero,
738 712 777 776 ad
796 712 854 776 boc
874 711 1024 796 proficiat,
1048 715 1093 792 ut,
1117 712 1170 794 qui
1190 709 1333 792 faciebat,

198 815 337 898 amplius
364 815 466 879 faciat.
518 815 570 897 qui
601 833 676 880 uero
706 833 769 880 non
796 814 931 880 iaciebat
962 819 1017 879 aut
1043 815 1122 880 forte
1149 815 1265 880 tardius
1288 815 1334 879 fa-

196 919 311 1000 ciebat,
334 923 400 984 tam
423 924 563 986 sanctam
587 919 645 986 sibi
668 924 700 984 et
722 921 778 985 deo
800 920 950 1003 placitam
973 920 1184 1003 operationem
1206 920 1238 984 in
1262 937 1334 984 con-

196 1025 396 1089 suetudinem
420 1026 534 1090 mittat.
573 1028 605 1090 ct
625 1025 699 1090 licet
713 1025 849 1106 credam,
872 1025 954 1107 quod
977 1025 1033 1090 deo
1056 1025 1227 1109 inspirante
1250 1043 1333 1088 sem·
1372 1047 1385 1088 e

194 1147 253 1211 per
277 1129 567 1212 superuenientibus
590 1129 814 1194 festiuitatibus
837 1129 1014 1194 castitatem
1045 1131 1119 1194 anto
1141 1129 1245 1212 plures
1268 1128 1333 1192 dies

194 1231 308 1316 (etiam
331 1251 402 1298 cnm
424 1233 554 1317 propriis
576 1232 738 1318 uxoribus>
765 1232 920 1298 custodiat
942 1233 1055 1298 caritas
1083 1235 1198 1313 uestra,
1227 1235 1333 1297 mmen

194 1338 273 1402 lieet
294 1356 329 1401 ex
352 1335 507 1420 superfluo
530 1337 636 1420 etiam,
664 1337 746 1420 quod
768 1354 824 1402 uos
847 1337 948 1402 facere
971 1337 1072 1418 credo,
1100 1336 1238 1401 caritatis
1261 1354 1333 1401 oon-

195 1441 401 1524 templatione
424 1459 615 1522 commoneo,
639 1445 673 1505 ut
694 1461 750 1525 per
765 1444 865 1506 totam
880 1441 1152 1524 quadragesimam
1174 1459 1272 1521 usque
1295 1440 1333 1504 ad

194 1545 294 1610 linem
309 1545 443 1630 paschae
465 1546 641 1611 castitatem
658 1547 714 1610 deo
738 1545 905 1610 auxiliante
928 1549 1091 1610 seruantes
1114 1544 1146 1609 in
1162 1545 1216 1608 illa
1231 1561 1334 1608 sacro·
1360 1569 1386 1608 ιο

194 1653 308 1714 sancta
334 1649 541 1714 sollemnitate
570 1649 709 1732 paschali
739 1649 877 1714 caritatis
907 1649 977 1713 luce
1008 1649 1123 1729 uestiti,
1155 1647 1339 1731 elimosynis

195 1753 361 1836 splendidi,
384 1753 587 1836 orationibus,
610 1753 725 1837 uigiliis
747 1757 778 1817 et
792 1753 914 1818 ieiuniis
930 1753 1018 1816 uelut
1032 1750 1217 1834 quibusdam
1235 1751 1334 1816 caele-

195 1859 299 1924 stibus
322 1861 354 1922 et
376 1857 569 1942 spiritulibus
592 1857 769 1942 margaritis
793 1857 894 1922 ornati
917 1874 978 1922 non
994 1857 1096 1922 solum
1118 1874 1190 1920 cum
1213 1855 1332 1936 amicis,

195 1962 254 2028 sed
278 1963 374 2027 etiam
397 1980 469 2026 cum
492 1962 626 2026 inimicis
648 1961 769 2046 pacifici
784 1960 884 2026 dhara
907 1963 938 2024 et
960 1978 1069 2024 secura
1084 1959 1272 2024 conscientia
1295 1959 1333 2023 ad

195 2067 296 2132 altare
320 2066 437 2130 domiui
459 2067 640 2132 accedentes
664 2084 773 2149 eorpus
797 2068 828 2130 et
850 2064 1035 2149 sanguinem
1052 2063 1117 2128 eius
1141 2081 1203 2128 non
1225 2063 1264 2126 ad
1286 2063 1334 2127 iu·
1360 2089 1385 2129 ιε

195 2171 326 2251 dicium,
350 2171 404 2235 sed
427 2171 467 2234 ed
489 2171 661 2236 remedium
684 2170 809 2254 possitis
832 2169 982 2252 accipere.

241 2274 303 2341 Sed
333 2294 405 2340 cum
436 2275 473 2340 de
504 2275 681 2359 elimosynis
711 2275 834 2357 loquar,
869 2291 930 2338 non
964 2271 1166 2337 conturbetur
1200 2273 1334 2356 angusta

195 2383 374 2466 paupertas.
409 2379 515 2444 omnia
530 2380 614 2444 enim
634 2379 813 2464 compleuit,
836 2377 899 2460 qui,
923 2377 1004 2459 quod
1020 2377 1131 2460 potuit,
1154 2375 1237 2456 fecit,
1261 2373 1335 2456 quia

196 2486 344 2550 uoluntas
367 2485 506 2568 perlecta
527 2483 662 2549 faciendi
684 2483 879 2566 reputabitur
901 2499 956 2566 pro
979 2499 1070 2562 opere
1090 2480 1174 2544 facti.
1199 2479 1253 2542 sed
1275 2478 1333 2542 hoc

197 2590 253 2654 ille
283 2589 413 2672 implere
443 2588 572 2672 poterit,
606 2588 660 2671 qui
690 2606 816 2652 omnem
846 2603 1015 2670 pauperem
1046 2584 1134 2666 quasi
1165 2602 1198 2647 se
1229 2583 1330 2664 ipsum
1359 2608 1385 2647 20

196 2693 393 2758 considerare
416 2692 559 2758 uoluerit.
594 2692 639 2756 sic
661 2692 789 2776 pauperi
812 2689 938 2770 tribuat,
969 2688 1133 2772 quomodo,
1164 2688 1190 2750 si
1213 2686 1278 2769 ipse
1301 2686 1333 2748 in

197 2799 254 2863 tali
277 2797 465 2863 necessitate
494 2799 588 2878 esset,
618 2795 678 2860 sibi
705 2795 771 2860 fieri
798 2797 932 2878 cuperet.
978 2792 1054 2857 baec
1078 2791 1130 2874 qui
1153 2789 1271 2869 fecerit,
1303 2791 1334 2852 et

197 2903 272 2968 noui
299 2905 331 2967 et
354 2901 469 2966 ueteris
492 2901 672 2965 testamenti
698 2903 865 2982 praccepta
894 2895 1065 2981 complebit
1093 2895 1225 2979 implens
1257 2893 1334 2957 illud

198 3006 432 3092 euangelicum:
453 3005 592 3086 omnia,
608 3021 859 3086 quaecumque
874 3002 1001 3082 uultis,
1017 3004 1056 3064 ut
1071 3000 1213 3064 faciant
1228 2996 1333 3062 uobis

197 3111 384 3192 homines,
417 3110 471 3174 ita
504 3113 541 3173 et
573 3127 638 3173 nos
668 3108 782 3172 facite
815 3106 894 3172 illis
925 3105 1112 3170 similiter.
1158 3102 1247 3166 haec
1277 3103 1334 3165 est
1359 3125 1385 3166 re

198 3216 296 3280 enim
322 3215 380 3278 lex
408 3216 444 3279 et
470 3213 684 3298 prophetae,
714 3212 753 3276 ad
780 3229 873 3294 quam
900 3227 992 3274 uerae
1016 3212 1048 3273 et
1074 3207 1229 3291 perlectae
1256 3205 1334 3270 cari-

197 3319 272 3384 tatis
288 3319 392 3402 legem
413 3318 480 3402 ipse
502 3335 560 3382 uos
576 3317 718 3382 dominus
742 3315 800 3380 sub
817 3333 874 3380 sua
888 3314 1078 3398 protectione
1100 3311 1257 3396 perducat,
1281 3309 1334 3392 qui

196 3441 270 3488 cum
292 3425 381 3506 patre
404 3425 437 3487 et
458 3421 569 3506 spiritu
592 3423 699 3486 saneto
726 3419 806 3484 uiuit
829 3421 861 3483 et
882 3421 993 3503 regnet
1019 3418 1051 3482 iu
1074 3416 1198 3482 saecula
1226 3431 1334 3480 saecu-

197 3527 311 3593 lorum.
350 3525 464 3592 Amen.
1108 3545 1111 3554 ·

302 3725 348 3795 ar]
367 3723 462 3778 natu.
476 3725 500 3789 r,
515 3726 554 3780 12.

244 3921 256 3973 1
284 3914 476 3970 helemosiuam
503 3916 530 3970 P
597 3915 614 3968 l
637 3915 728 3966 tamon
749 3914 777 3967 P
845 3911 890 3966 set
911 3912 939 3966 Ρ
1006 3909 1103 3979 placita
1130 3908 1281 3978 operatione
1309 3907 1337 3960 P

198 4007 214 4060 7
242 4001 484 4058 etiam-uxoribus
511 4002 592 4072 Aug,
618 4019 668 4057 om,
687 4000 715 4053 P
800 4002 816 4055 9
845 3995 1086 4066 quadragesimam]
1118 3997 1145 4048 et
1170 3995 1233 4050 odd.
1262 3996 1333 4064 Aup.

201 4094 231 4147 ll
251 4089 448 4159 sollempuitate
467 4091 494 4144 P
559 4085 729 4140 helemosinis
748 4087 775 4140 P
840 4087 872 4140 la
890 4083 970 4138 uelud
988 4085 1016 4138 P
1079 4085 1111 4138 15
1129 4079 1291 4151 accelldeutes
1310 4081 1337 4134 P

201 4179 232 4233 17
244 4175 415 4240 helemosinis
428 4177 455 4230 P
504 4175 638 4242 loquimur
651 4175 722 4244 Aop.
758 4175 807 4275 d21
822 4169 948 4239 uoluerit]
961 4171 1066 4225 utudd.
1080 4171 1150 4239 Aug.
1209 4169 1242 4223 24
1255 4182 1334 4220 eucn-

201 4289 300 4358 gelium
318 4290 347 4343 P
397 4290 431 4344 25
448 4287 488 4342 ita
504 4287 641 4358 om.Aup.
694 4288 728 4342 26
746 4301 762 4339 a
780 4285 1009 4356 P(dmuu.alt.)
1061 4285 1094 4347 27
1113 4281 1244 4362 ipseP(e
1263 4297 1334 4341 mou.

201 4377 268 4445 ult),
284 4375 346 4448 pins
362 4375 434 4447 Aac.
488 4389 535 4429 uos
553 4375 626 4443 Aug.
