3222 5144
305 453 369 518 300
712 452 776 506 IIII.
797 453 905 504 Sermo
927 453 1034 506 let-20,

305 647 379 693 nero
410 628 578 692 auxiliante
613 628 749 708 domino,
783 627 859 692 dum
892 627 1085 710 frequentius
1120 627 1289 709 scripturas
1324 626 1443 690 diuinas

305 733 454 816 relegitis,
483 733 510 796 si
534 733 695 816 diligenter
720 733 896 813 adtenditis,
927 733 1028 814 credo,
1059 731 1258 815 quodetiam
1284 731 1442 795 meliorem

306 837 531 920 expositionem
554 838 694 901 inuenire
717 838 854 920 possitis.

348 942 521 1024 Regnum,
544 943 668 1022 tratres,
692 947 737 1022 ut,
761 942 949 1024 quicumque
970 945 1025 1006 aut
1045 943 1144 1005 lilium
1165 945 1218 1005 aut
1240 941 1442 1004 uernaculnm

266 1075 278 1112 s
306 1065 398 1109 suum
423 1045 572 1128 baptizari
595 1047 760 1128 desiderat,
785 1047 848 1110 iam
872 1066 955 1112 nunc
978 1067 1050 1111 eum
1075 1046 1225 1110 eeclesiae
1247 1045 1359 1109 offerre
1383 1063 1442 1109 non

306 1149 438 1230 dill'erat,
462 1151 534 1232 quia
557 1169 618 1214 uon
642 1155 690 1215 est
713 1151 842 1231 iustum,
867 1155 901 1215 ut
919 1171 980 1231 res,
1004 1169 1083 1232 quae
1105 1154 1170 1214 tam
1191 1167 1306 1234 magua
1328 1153 1443 1213 ettam

305 1255 465 1337 praeclara
489 1275 557 1318 essc
580 1255 725 1336 ereditur,
749 1257 950 1340 neglegenter
971 1259 1025 1320 aut
1046 1255 1173 1335 tardius,
1197 1272 1291 1336 qnam
1311 1253 1443 1337 expedit,

305 1359 488 1441 requiratur.
528 1359 622 1422 timeo
651 1360 744 1440 eninr,
776 1380 815 1424 ne
843 1361 965 1442 aliquae
989 1360 1135 1424 mulieres
1158 1359 1227 1423 ideo
1255 1359 1375 1422 tardius
1397 1358 1444 1421 in·

305 1463 441 1526 tantulus
466 1481 537 1527 suos
561 1463 702 1544 offerant,
726 1464 799 1546 qnia
821 1483 893 1528 oum
916 1464 992 1546 ipsis
1017 1465 1056 1528 arl
1079 1464 1201 1546 uigilias
1225 1462 1332 1526 uenire
1355 1461 1444 1525 dissi·

255 1595 278 1632 10
306 1568 437 1631 roulant.
476 1568 648 1631 certissime
665 1569 748 1632 euim
765 1569 929 1648 credimus,
947 1569 1039 1652 quod,
1059 1567 1138 1652 <qui>
1154 1568 1261 1632 statim
1277 1567 1442 1649 incipiente

305 1672 543 1754 quadragesima
563 1690 626 1752 eos,
647 1673 699 1754 qui
720 1673 898 1756 baptizandi
919 1678 1002 1754 sunt,
1024 1673 1133 1738 offerre
1153 1671 1309 1736 noluerint
1325 1675 1442 1735 etcum

305 1776 381 1858 ipsis
403 1777 440 1840 ad
461 1777 584 1859 uigilias
606 1776 739 1840 fideliter
759 1778 904 1842 uenerint
924 1781 955 1841 et
974 1777 1028 1840 tilii
1049 1795 1154 1842 eorum
1176 1776 1317 1860 legitimo
1338 1776 1442 1839 ordine

305 1881 481 1964 acceperint
508 1886 740 1946 sacramentum
767 1882 925 1965 baptismi,
953 1885 994 1946 et.
1011 1881 1070 1964 ipsi
1093 1881 1259 1963 adquireut
1280 1879 1443 1962 indulgeu-

305 1986 381 2050 tiam
411 1989 611 2068 peccatorum
638 1990 817 2070 praestante
845 1987 969 2051 domino
997 1990 1103 2050 nostro
1131 1985 1202 2048 lesu
1230 1983 1365 2066 Christo,
1395 1984 1442 2048 cui

256 2116 278 2154 rs
306 2093 354 2153 est
375 2089 473 2153 honor
497 2095 526 2154 et
549 2091 716 2172 imperium
741 2111 812 2155 eum
835 2094 923 2173 patre
947 2093 978 2154 et
1001 2090 1110 2173 spiritu
1135 2093 1242 2154 sancto
1266 2087 1443 2153 insaecula

307 2194 511 2258 saeculorum.
547 2193 662 2259 Amen.

840 2421 909 2485 XX.

705 2583 747 2623 DE
771 2581 889 2624 SANCTO
913 2583 1025 2623 IOSEPH
1048 2584 1068 2624 1.

350 2717 498 2797 Quotiens
522 2718 621 2798 uobis,
645 2718 808 2798 carissimi,
831 2718 980 2781 lectiones
1005 2718 1041 2780 de
1064 2719 1254 2780 testamento
1278 2716 1375 2780 ueteri
1398 2734 1443 2778 re-

253 2847 279 2886 re
306 2823 452 2902 citantur,
476 2823 557 2886 sicut
579 2823 756 2905 frequenter
779 2822 937 2902 admonui,
962 2832 1023 2886 non
1046 2821 1104 2884 hoc
1128 2822 1230 2885 solnm
1251 2819 1370 2884 debetis
1392 2819 1443 2883 ad·

307 2925 443 3006 tendere,
467 2926 548 3007 qnorl
572 2929 662 2990 sonat
684 2927 714 2990 in
740 2926 845 3006 uerbo,
870 2927 924 2989 sed
944 2926 1026 3008 quod
1047 2926 1239 3009 intellegitur
1260 2929 1292 2988 et
1312 2924 1396 3008 sapit
1414 2925 1443 2988 iu

307 3031 425 3112 spiritu.
465 3031 508 3092 sic
532 3034 563 3093 et
586 3032 744 3112 apostolus
768 3035 946 3095 commonet
970 3049 1025 3094 nos
1049 3030 1168 3093 dicens:
1200 3030 1330 3093 littera
1353 3029 1443 3092 occi·

307 3134 373 3213 dit,
398 3135 554 3216 spiritus
579 3138 701 3198 antem
726 3136 910 3199 uiuificat.
950 3136 1027 3199 haec
1054 3135 1137 3198 euim
1161 3134 1276 3214 omnia,
1307 3151 1386 3214 quae
1414 3134 1442 3196 in

306 3239 404 3302 ueteri
436 3242 625 3303 testamento
657 3240 813 3323 leguntur,
845 3241 926 3304 sicut
953 3241 1027 3304 dicit
1054 3239 1224 3322 apostoluS,
1255 3239 1290 3301 in
1322 3239 1443 3321 figura

255 3367 280 3406 2⁵
307 3343 578 3426 contingebant
607 3345 701 3424 illis,
733 3345 874 3428 scripta
905 3349 993 3408 sunt
1026 3347 1149 3408 antem
1183 3345 1335 3426 propter
1368 3360 1441 3406 uos.

307 3465 377 3510 cum
413 3447 496 3510 enim
528 3447 722 3512 Christianus
757 3451 889 3532 populus
920 3449 1052 3512 fideliter
1084 3449 1121 3512 ad
1153 3447 1317 3511 ecelesiam
1347 3447 1442 3525 uenit,

306 3552 380 3633 quid
394 3552 421 3614 ei
433 3553 567 3633 prodest,
584 3553 665 3634 quod
678 3553 773 3634 audit,
791 3554 923 3635 qualiter
939 3554 1039 3617 sancti
1055 3551 1248 3635 patriarchae
1265 3553 1319 3614 ant
1334 3568 1442 3615 uxores

410 3767 455 3836 22]
475 3770 491 3822 2
510 3767 568 3822 Cor.
582 3769 606 3832 3,
620 3769 643 3822 6.
698 3767 743 3836 24]
764 3771 776 3822 l
798 3767 856 3821 Cor.
873 3771 911 3832 10,
927 3771 966 3823 ll.

351 3967 477 4035 ‘Zetiaml
497 3967 524 4019 in
543 3968 605 4022 aaa.
625 3969 655 4022 D
707 3965 834 4035 3positis
855 3967 882 4019 I)
935 3965 1138 4020 5babtizari1)
1191 3965 1312 4019 offereD
1365 3964 1442 4020 ude

309 4053 418 4106 leratl)
472 4069 596 4121 magnam
611 4056 639 4108 Ι)
692 4051 931 4108 tldesimulantl)
987 4054 1075 4120 lthui
1089 4055 1167 4121 Aua,
1186 4053 1280 4107 oruD
1335 4055 1442 4120 llqua·

308 4139 477 4207 dragousima
496 4141 523 4193 I)
587 4139 739 4194 babtizandi
759 4141 787 4193 D
851 4139 929 4192 offere
951 4141 978 4192 l)
1045 4143 1076 4194 13
1094 4139 1237 4208 acciperiut
1256 4141 1292 4202 D,
1315 4137 1442 4207 accipient

308 4229 378 4296 ulaq.
441 4224 566 4279 babtismi
587 4229 615 4281 D
679 4230 710 4282 18
729 4209 799 4294 iubip
818 4225 849 4278 de
869 4224 911 4279 suo
931 4226 1021 4294 ioseph
1039 4225 1151 4294 epistula
1169 4224 1280 4278 faustini
1299 4227 1340 4292 1),·
1358 4231 1442 4280 enatat

308 4315 352 4369 ba'e
369 4331 453 4368 sermo
472 4313 542 4366 inter
559 4314 709 4382 nupserint
727 4330 858 4368 carruccae
877 4313 974 4369 dubius
993 4319 1027 4366 13
1045 4315 1098 4380 (39,
1111 4317 1177 4366 1765
1191 4314 1243 4380 M.)
1313 4315 1344 4368 21
1368 4310 1442 4364 sonat

309 4419 341 4456 aa
360 4401 431 4455 sorat
449 4400 478 4456 D
530 4401 563 4453 22
582 4398 686 4452 litterra
704 4401 733 4454 D
