<?xml version="1.0" encoding="UTF-8"?>
<!DOCTYPE html PUBLIC "-//W3C//DTD XHTML 1.0 Transitional//EN"
    "http://www.w3.org/TR/xhtml1/DTD/xhtml1-transitional.dtd">
<html xmlns="http://www.w3.org/1999/xhtml" xml:lang="en" lang="en">
 <head>
  <title>
</title>
<meta http-equiv="Content-Type" content="text/html;charset=utf-8" />
  <meta name='ocr-system' content='tesseract 3.04.00' />
  <meta name='ocr-capabilities' content='ocr_page ocr_carea ocr_par ocr_line ocrx_word'/>
</head>
<body>
  <div class='ocr_page' id='page_1' title='image "./praetersermones01fausgoog/praetersermones01fausgoog_0253.png"; bbox 0 0 3244 5130; ppageno 0'>
   <div class='ocr_carea' id='block_1_1' title="bbox 311 479 1009 548">
    <p class='ocr_par' dir='ltr' id='par_1_1' title="bbox 311 479 1009 548">
     <span class='ocr_line' id='line_1_1' title="bbox 311 479 1009 548; baseline -0.017 -5"><span class='ocrx_word' id='word_1_1' title='bbox 311 481 372 546; x_wconf 87' lang='grc'>166</span> <span class='ocrx_word' id='word_1_2' title='bbox 747 479 797 533; x_wconf 89' lang='grc' dir='ltr'>ΙΙΙ.</span> <span class='ocrx_word' id='word_1_3' title='bbox 817 479 968 548; x_wconf 82' lang='lat' dir='ltr'><strong>Epistula</strong></span> <span class='ocrx_word' id='word_1_4' title='bbox 986 481 1009 534; x_wconf 82' lang='lat'>2.</span> 
     </span>
    </p>
   </div>
   <div class='ocr_carea' id='block_1_2' title="bbox 257 653 1449 3350">
    <p class='ocr_par' dir='ltr' id='par_1_2' title="bbox 309 653 1443 844">
     <span class='ocr_line' id='line_1_2' title="bbox 352 653 1443 739; baseline -0.003 -18"><span class='ocrx_word' id='word_1_5' title='bbox 352 658 405 738; x_wconf 92' lang='lat' dir='ltr'>qui</span> <span class='ocrx_word' id='word_1_6' title='bbox 429 657 513 736; x_wconf 90' lang='lat' dir='ltr'>dieit,</span> <span class='ocrx_word' id='word_1_7' title='bbox 537 657 619 739; x_wconf 90' lang='lat' dir='ltr'>qued</span> <span class='ocrx_word' id='word_1_8' title='bbox 642 657 848 739; x_wconf 78' lang='lat' dir='ltr'>praescientia</span> <span class='ocrx_word' id='word_1_9' title='bbox 871 656 919 719; x_wconf 92' lang='lat' dir='ltr'>dei</span> <span class='ocrx_word' id='word_1_10' title='bbox 942 656 1101 720; x_wconf 87' lang='lat' dir='ltr'>hominem</span> <span class='ocrx_word' id='word_1_11' title='bbox 1125 656 1275 718; x_wconf 86' lang='lat' dir='ltr'>uiolenter</span> <span class='ocrx_word' id='word_1_12' title='bbox 1290 653 1443 737; x_wconf 80' lang='lat' dir='ltr'>conpellat</span> 
     </span>
     <span class='ocr_line' id='line_1_3' title="bbox 309 760 1343 844; baseline -0.002 -19"><span class='ocrx_word' id='word_1_13' title='bbox 309 762 348 825; x_wconf 92' lang='lat' dir='ltr'>ad</span> <span class='ocrx_word' id='word_1_14' title='bbox 371 765 505 826; x_wconf 88' lang='lat' dir='ltr'>mortem</span> <span class='ocrx_word' id='word_1_15' title='bbox 529 761 579 825; x_wconf 92' lang='lat' dir='ltr'>uel</span> <span class='ocrx_word' id='word_1_16' title='bbox 603 761 684 844; x_wconf 88' lang='lat' dir='ltr'>qued</span> <span class='ocrx_word' id='word_1_17' title='bbox 708 761 757 824; x_wconf 90' lang='lat' dir='ltr'>dei</span> <span class='ocrx_word' id='word_1_18' title='bbox 779 763 910 842; x_wconf 88' lang='lat' dir='ltr'>pereant</span> <span class='ocrx_word' id='word_1_19' title='bbox 931 761 1103 839; x_wconf 89' lang='lat' dir='ltr'>uoluntate,</span> <span class='ocrx_word' id='word_1_20' title='bbox 1126 760 1179 842; x_wconf 89' lang='lat' dir='ltr'>qui</span> <span class='ocrx_word' id='word_1_21' title='bbox 1200 765 1343 843; x_wconf 90' lang='lat' dir='ltr'>pereunt,</span> 
     </span>
    </p>

    <p class='ocr_par' dir='ltr' id='par_1_3' title="bbox 311 863 1443 1052">
     <span class='ocr_line' id='line_1_4' title="bbox 353 863 1443 948; baseline -0.002 -19"><span class='ocrx_word' id='word_1_22' title='bbox 353 867 405 948; x_wconf 93' lang='lat' dir='ltr'>qui</span> <span class='ocrx_word' id='word_1_23' title='bbox 429 866 511 946; x_wconf 83' lang='lat' dir='ltr'>dicit,</span> <span class='ocrx_word' id='word_1_24' title='bbox 535 866 616 948; x_wconf 88' lang='lat' dir='ltr'>quod</span> <span class='ocrx_word' id='word_1_25' title='bbox 638 869 709 947; x_wconf 88' lang='lat' dir='ltr'>pest</span> <span class='ocrx_word' id='word_1_26' title='bbox 732 869 895 947; x_wconf 84' lang='lat' dir='ltr'>aceeptum</span> <span class='ocrx_word' id='word_1_27' title='bbox 918 865 1057 948; x_wconf 90' lang='lat' dir='ltr'>legitime</span> <span class='ocrx_word' id='word_1_28' title='bbox 1079 863 1273 947; x_wconf 87' lang='lat' dir='ltr'>baptismum</span> <span class='ocrx_word' id='word_1_29' title='bbox 1294 865 1326 928; x_wconf 91' lang='lat' dir='ltr'>in</span> <span class='ocrx_word' id='word_1_30' title='bbox 1342 863 1443 927; x_wconf 85' lang='lat' dir='ltr'>Adam</span> 
     </span>
     <span class='ocr_line' id='line_1_5' title="bbox 311 969 878 1052; baseline -0.004 -18"><span class='ocrx_word' id='word_1_31' title='bbox 311 971 471 1050; x_wconf 88' lang='lat' dir='ltr'>moriatur,</span> <span class='ocrx_word' id='word_1_32' title='bbox 495 971 681 1052; x_wconf 87' lang='lat' dir='ltr'>quieumque</span> <span class='ocrx_word' id='word_1_33' title='bbox 704 969 878 1051; x_wconf 82' lang='lat' dir='ltr'>deliquerit,</span> 
     </span>
    </p>

    <p class='ocr_par' dir='ltr' id='par_1_4' title="bbox 271 1073 1446 1259">
     <span class='ocr_line' id='line_1_6' title="bbox 271 1073 1446 1158; baseline -0.007 -14"><span class='ocrx_word' id='word_1_34' title='bbox 271 1105 283 1144; x_wconf 81' lang='lat' dir='ltr'>e</span> <span class='ocrx_word' id='word_1_35' title='bbox 355 1076 407 1157; x_wconf 90' lang='lat' dir='ltr'>qui</span> <span class='ocrx_word' id='word_1_36' title='bbox 437 1075 511 1139; x_wconf 85' lang='lat' dir='ltr'>dieit</span> <span class='ocrx_word' id='word_1_37' title='bbox 541 1075 616 1140; x_wconf 87' lang='lat' dir='ltr'>alios</span> <span class='ocrx_word' id='word_1_38' title='bbox 647 1075 811 1158; x_wconf 89' lang='lat' dir='ltr'>deputatus</span> <span class='ocrx_word' id='word_1_39' title='bbox 840 1074 878 1138; x_wconf 90' lang='lat' dir='ltr'>ad</span> <span class='ocrx_word' id='word_1_40' title='bbox 902 1079 1045 1154; x_wconf 88' lang='lat' dir='ltr'>mertem,</span> <span class='ocrx_word' id='word_1_41' title='bbox 1076 1073 1152 1138; x_wconf 88' lang='lat' dir='ltr'>alies</span> <span class='ocrx_word' id='word_1_42' title='bbox 1175 1073 1214 1136; x_wconf 97' lang='lat' dir='ltr'>ad</span> <span class='ocrx_word' id='word_1_43' title='bbox 1237 1074 1334 1138; x_wconf 90' lang='lat' dir='ltr'>uitam</span> <span class='ocrx_word' id='word_1_44' title='bbox 1357 1091 1446 1156; x_wconf 90' lang='lat' dir='ltr'>prae-</span> 
     </span>
     <span class='ocr_line' id='line_1_7' title="bbox 310 1179 493 1259; baseline 0 -17"><span class='ocrx_word' id='word_1_45' title='bbox 310 1179 493 1259; x_wconf 69' lang='lat' dir='ltr'>destinatos</span> 
     </span>
    </p>

    <p class='ocr_par' dir='ltr' id='par_1_5' title="bbox 309 1281 1446 1573">
     <span class='ocr_line' id='line_1_8' title="bbox 353 1281 1446 1366; baseline -0.001 -20"><span class='ocrx_word' id='word_1_46' title='bbox 353 1283 406 1365; x_wconf 92' lang='lat' dir='ltr'>qui</span> <span class='ocrx_word' id='word_1_47' title='bbox 437 1283 512 1346; x_wconf 89' lang='lat' dir='ltr'>dieit</span> <span class='ocrx_word' id='word_1_48' title='bbox 541 1281 580 1346; x_wconf 89' lang='lat' dir='ltr'>ab</span> <span class='ocrx_word' id='word_1_49' title='bbox 603 1281 707 1346; x_wconf 82' lang='lat' dir='ltr'>Adam</span> <span class='ocrx_word' id='word_1_50' title='bbox 738 1301 835 1364; x_wconf 90' lang='lat' dir='ltr'>usque</span> <span class='ocrx_word' id='word_1_51' title='bbox 866 1282 905 1346; x_wconf 91' lang='lat' dir='ltr'>ad</span> <span class='ocrx_word' id='word_1_52' title='bbox 929 1281 1088 1347; x_wconf 82' lang='lat' dir='ltr'>Christum</span> <span class='ocrx_word' id='word_1_53' title='bbox 1117 1281 1219 1346; x_wconf 88' lang='lat' dir='ltr'>nullos</span> <span class='ocrx_word' id='word_1_54' title='bbox 1242 1301 1278 1346; x_wconf 82' lang='lat' dir='ltr'>ex</span> <span class='ocrx_word' id='word_1_55' title='bbox 1300 1281 1446 1366; x_wconf 89' lang='lat' dir='ltr'>gentibus</span> 
     </span>
     <span class='ocr_line' id='line_1_9' title="bbox 309 1386 1445 1470; baseline -0.001 -19"><span class='ocrx_word' id='word_1_56' title='bbox 309 1406 364 1470; x_wconf 90' lang='lat' dir='ltr'>per</span> <span class='ocrx_word' id='word_1_57' title='bbox 386 1387 521 1468; x_wconf 86' lang='lat' dir='ltr'>primam</span> <span class='ocrx_word' id='word_1_58' title='bbox 545 1387 593 1450; x_wconf 92' lang='lat' dir='ltr'>dei</span> <span class='ocrx_word' id='word_1_59' title='bbox 616 1387 762 1470; x_wconf 82' lang='lat' dir='ltr'>gratiam,</span> <span class='ocrx_word' id='word_1_60' title='bbox 786 1386 816 1450; x_wconf 92' lang='lat' dir='ltr'>id</span> <span class='ocrx_word' id='word_1_61' title='bbox 832 1391 881 1450; x_wconf 86' lang='lat' dir='ltr'>est</span> <span class='ocrx_word' id='word_1_62' title='bbox 895 1405 950 1470; x_wconf 87' lang='lat' dir='ltr'>per</span> <span class='ocrx_word' id='word_1_63' title='bbox 965 1387 1067 1470; x_wconf 88' lang='lat' dir='ltr'>legem</span> <span class='ocrx_word' id='word_1_64' title='bbox 1083 1390 1213 1450; x_wconf 88' lang='lat' dir='ltr'>naturae</span> <span class='ocrx_word' id='word_1_65' title='bbox 1228 1388 1260 1450; x_wconf 91' lang='lat' dir='ltr'>in</span> <span class='ocrx_word' id='word_1_66' title='bbox 1276 1386 1445 1450; x_wconf 89' lang='lat' dir='ltr'>aduentum</span> 
     </span>
     <span class='ocr_line' id='line_1_10' title="bbox 310 1490 1446 1573; baseline -0.001 -18"><span class='ocrx_word' id='word_1_67' title='bbox 310 1491 425 1556; x_wconf 79' lang='lat' dir='ltr'>Christi</span> <span class='ocrx_word' id='word_1_68' title='bbox 442 1492 538 1556; x_wconf 83' lang='lat' dir='ltr'>fuisse</span> <span class='ocrx_word' id='word_1_69' title='bbox 562 1492 699 1555; x_wconf 87' lang='lat' dir='ltr'>saluatus</span> <span class='ocrx_word' id='word_1_70' title='bbox 723 1509 769 1571; x_wconf 88' lang='lat' dir='ltr'>ee,</span> <span class='ocrx_word' id='word_1_71' title='bbox 794 1491 875 1573; x_wconf 87' lang='lat' dir='ltr'>qued</span> <span class='ocrx_word' id='word_1_72' title='bbox 899 1491 1033 1555; x_wconf 88' lang='lat' dir='ltr'>liberum</span> <span class='ocrx_word' id='word_1_73' title='bbox 1057 1490 1220 1556; x_wconf 82' lang='lat' dir='ltr'>arbitrium</span> <span class='ocrx_word' id='word_1_74' title='bbox 1244 1510 1279 1555; x_wconf 82' lang='lat' dir='ltr'>er</span> <span class='ocrx_word' id='word_1_75' title='bbox 1302 1491 1446 1556; x_wconf 87' lang='lat' dir='ltr'>omnibus</span> 
     </span>
    </p>

    <p class='ocr_par' dir='ltr' id='par_1_6' title="bbox 259 1595 837 1680">
     <span class='ocr_line' id='line_1_11' title="bbox 259 1595 837 1680; baseline 0.003 -22"><span class='ocrx_word' id='word_1_76' title='bbox 259 1621 283 1658; x_wconf 83' lang='grc' dir='ltr'>ιο</span> <span class='ocrx_word' id='word_1_77' title='bbox 308 1598 341 1660; x_wconf 92' lang='grc'>11</span> <span class='ocrx_word' id='word_1_78' title='bbox 364 1595 463 1680; x_wconf 88' lang='lat' dir='ltr'>primu</span> <span class='ocrx_word' id='word_1_79' title='bbox 486 1599 614 1678; x_wconf 89' lang='lat' dir='ltr'>parente</span> <span class='ocrx_word' id='word_1_80' title='bbox 637 1595 837 1678; x_wconf 78' lang='lat' dir='ltr'>perdiderint,</span> 
     </span>
    </p>

    <p class='ocr_par' dir='ltr' id='par_1_7' title="bbox 310 1699 1448 1992">
     <span class='ocr_line' id='line_1_12' title="bbox 354 1699 1447 1784; baseline 0 -20"><span class='ocrx_word' id='word_1_81' title='bbox 354 1701 407 1783; x_wconf 90' lang='lat' dir='ltr'>qui</span> <span class='ocrx_word' id='word_1_82' title='bbox 441 1700 516 1764; x_wconf 85' lang='lat' dir='ltr'>dieit</span> <span class='ocrx_word' id='word_1_83' title='bbox 549 1701 741 1784; x_wconf 80' lang='lat' dir='ltr'>patriarchas</span> <span class='ocrx_word' id='word_1_84' title='bbox 778 1718 813 1764; x_wconf 85' lang='lat' dir='ltr'>ae</span> <span class='ocrx_word' id='word_1_85' title='bbox 846 1701 1012 1783; x_wconf 85' lang='lat' dir='ltr'>prophetas</span> <span class='ocrx_word' id='word_1_86' title='bbox 1050 1699 1100 1764; x_wconf 87' lang='lat' dir='ltr'>uel</span> <span class='ocrx_word' id='word_1_87' title='bbox 1135 1718 1275 1764; x_wconf 89' lang='lat' dir='ltr'>summos</span> <span class='ocrx_word' id='word_1_88' title='bbox 1308 1717 1447 1782; x_wconf 86' lang='lat' dir='ltr'>quasque</span> 
     </span>
     <span class='ocr_line' id='line_1_13' title="bbox 310 1804 1448 1888; baseline -0.002 -18"><span class='ocrx_word' id='word_1_89' title='bbox 310 1808 490 1870; x_wconf 82' lang='lat' dir='ltr'>sanctorum</span> <span class='ocrx_word' id='word_1_90' title='bbox 518 1805 615 1868; x_wconf 90' lang='lat' dir='ltr'>etiam</span> <span class='ocrx_word' id='word_1_91' title='bbox 639 1808 711 1868; x_wconf 91' lang='lat' dir='ltr'>ante</span> <span class='ocrx_word' id='word_1_92' title='bbox 733 1804 957 1888; x_wconf 83' lang='lat' dir='ltr'>redemptionis</span> <span class='ocrx_word' id='word_1_93' title='bbox 981 1809 1123 1888; x_wconf 87' lang='lat' dir='ltr'>tempora</span> <span class='ocrx_word' id='word_1_94' title='bbox 1145 1805 1178 1868; x_wconf 90' lang='lat' dir='ltr'>iu</span> <span class='ocrx_word' id='word_1_95' title='bbox 1200 1804 1335 1888; x_wconf 83' lang='lat' dir='ltr'>paradisi</span> <span class='ocrx_word' id='word_1_96' title='bbox 1359 1804 1448 1868; x_wconf 87' lang='lat' dir='ltr'>habi·</span> 
     </span>
     <span class='ocr_line' id='line_1_14' title="bbox 312 1909 605 1992; baseline -0.007 -18"><span class='ocrx_word' id='word_1_97' title='bbox 312 1910 427 1974; x_wconf 86' lang='lat' dir='ltr'>tatione</span> <span class='ocrx_word' id='word_1_98' title='bbox 451 1909 605 1992; x_wconf 87' lang='lat' dir='ltr'>deguisse,</span> 
     </span>
    </p>

    <p class='ocr_par' dir='ltr' id='par_1_8' title="bbox 353 2013 1448 2096">
     <span class='ocr_line' id='line_1_15' title="bbox 353 2013 1448 2096; baseline 0.001 -20"><span class='ocrx_word' id='word_1_99' title='bbox 353 2013 406 2096; x_wconf 93' lang='lat' dir='ltr'>qui</span> <span class='ocrx_word' id='word_1_100' title='bbox 439 2013 515 2077; x_wconf 90' lang='lat' dir='ltr'>dieit</span> <span class='ocrx_word' id='word_1_101' title='bbox 547 2013 636 2096; x_wconf 88' lang='lat' dir='ltr'>ignes</span> <span class='ocrx_word' id='word_1_102' title='bbox 671 2017 703 2077; x_wconf 91' lang='lat' dir='ltr'>et</span> <span class='ocrx_word' id='word_1_103' title='bbox 737 2013 859 2077; x_wconf 85' lang='lat' dir='ltr'>inferna</span> <span class='ocrx_word' id='word_1_104' title='bbox 891 2031 953 2077; x_wconf 91' lang='lat' dir='ltr'>uon</span> <span class='ocrx_word' id='word_1_105' title='bbox 988 2033 1064 2077; x_wconf 87' lang='lat' dir='ltr'>esse.</span> <span class='ocrx_word' id='word_1_106' title='bbox 1119 2013 1196 2077; x_wconf 86' lang='lat' dir='ltr'>haee</span> <span class='ocrx_word' id='word_1_107' title='bbox 1225 2014 1330 2078; x_wconf 88' lang='lat' dir='ltr'>amnia</span> <span class='ocrx_word' id='word_1_108' title='bbox 1358 2015 1448 2096; x_wconf 88' lang='lat' dir='ltr'>quasi</span> 
     </span>
    </p>

    <p class='ocr_par' dir='ltr' id='par_1_9' title="bbox 259 2117 1004 2201">
     <span class='ocr_line' id='line_1_16' title="bbox 259 2117 1004 2201; baseline -0.004 -17"><span class='ocrx_word' id='word_1_109' title='bbox 259 2145 283 2185; x_wconf 81' lang='lat' dir='ltr'>n</span> <span class='ocrx_word' id='word_1_110' title='bbox 310 2118 408 2201; x_wconf 90' lang='lat' dir='ltr'>impia</span> <span class='ocrx_word' id='word_1_111' title='bbox 430 2121 462 2182; x_wconf 92' lang='lat' dir='ltr'>et</span> <span class='ocrx_word' id='word_1_112' title='bbox 484 2118 655 2201; x_wconf 76' lang='lat' dir='ltr'>sacrilegiis</span> <span class='ocrx_word' id='word_1_113' title='bbox 678 2119 799 2201; x_wconf 88' lang='lat' dir='ltr'>repleta</span> <span class='ocrx_word' id='word_1_114' title='bbox 821 2117 1004 2183; x_wconf 85' lang='lat' dir='ltr'>eundemne.</span> 
     </span>
    </p>

    <p class='ocr_par' dir='ltr' id='par_1_10' title="bbox 309 2221 1449 2620">
     <span class='ocr_line' id='line_1_17' title="bbox 356 2221 1449 2306; baseline 0.003 -22"><span class='ocrx_word' id='word_1_115' title='bbox 356 2221 407 2285; x_wconf 91' lang='lat' dir='ltr'>Ita</span> <span class='ocrx_word' id='word_1_116' title='bbox 430 2225 535 2285; x_wconf 93' lang='lat' dir='ltr'>autem</span> <span class='ocrx_word' id='word_1_117' title='bbox 567 2221 675 2286; x_wconf 87' lang='lat' dir='ltr'>adsere</span> <span class='ocrx_word' id='word_1_118' title='bbox 706 2223 840 2306; x_wconf 87' lang='lat' dir='ltr'>gratiam</span> <span class='ocrx_word' id='word_1_119' title='bbox 871 2223 930 2302; x_wconf 92' lang='lat' dir='ltr'>dei,</span> <span class='ocrx_word' id='word_1_120' title='bbox 961 2227 997 2286; x_wconf 90' lang='grc'>11</span> <span class='ocrx_word' id='word_1_121' title='bbox 1020 2223 1164 2286; x_wconf 89' lang='lat' dir='ltr'>adnisum</span> <span class='ocrx_word' id='word_1_122' title='bbox 1187 2223 1321 2287; x_wconf 89' lang='lat' dir='ltr'>hominis</span> <span class='ocrx_word' id='word_1_123' title='bbox 1345 2233 1377 2286; x_wconf 88' lang='lat' dir='ltr'>et</span> <span class='ocrx_word' id='word_1_124' title='bbox 1399 2241 1449 2288; x_wconf 87' lang='lat' dir='ltr'>en-</span> 
     </span>
     <span class='ocr_line' id='line_1_18' title="bbox 310 2327 1448 2410; baseline 0.002 -20"><span class='ocrx_word' id='word_1_125' title='bbox 310 2330 418 2390; x_wconf 79' lang='grc'><strong>111111</strong></span> <span class='ocrx_word' id='word_1_126' title='bbox 450 2327 568 2410; x_wconf 89' lang='lat' dir='ltr'>gratiae</span> <span class='ocrx_word' id='word_1_127' title='bbox 599 2346 722 2408; x_wconf 89' lang='lat' dir='ltr'>semper</span> <span class='ocrx_word' id='word_1_128' title='bbox 745 2327 914 2410; x_wconf 91' lang='lat' dir='ltr'>adiungam</span> <span class='ocrx_word' id='word_1_129' title='bbox 939 2331 971 2391; x_wconf 89' lang='lat' dir='ltr'>et</span> <span class='ocrx_word' id='word_1_130' title='bbox 992 2327 1170 2391; x_wconf 81' lang='lat' dir='ltr'>libertatem</span> <span class='ocrx_word' id='word_1_131' title='bbox 1194 2328 1366 2392; x_wconf 86' lang='lat' dir='ltr'>uoluntatis</span> <span class='ocrx_word' id='word_1_132' title='bbox 1390 2327 1448 2392; x_wconf 92' lang='lat' dir='ltr'>hu·</span> 
     </span>
     <span class='ocr_line' id='line_1_19' title="bbox 310 2431 1447 2512; baseline 0.002 -18"><span class='ocrx_word' id='word_1_133' title='bbox 310 2449 421 2494; x_wconf 90' lang='lat' dir='ltr'>manae</span> <span class='ocrx_word' id='word_1_134' title='bbox 458 2449 520 2496; x_wconf 86' lang='lat' dir='ltr'>nen</span> <span class='ocrx_word' id='word_1_135' title='bbox 555 2432 737 2512; x_wconf 76' lang='lat' dir='ltr'>extinctam,</span> <span class='ocrx_word' id='word_1_136' title='bbox 773 2432 828 2496; x_wconf 92' lang='lat' dir='ltr'>sed</span> <span class='ocrx_word' id='word_1_137' title='bbox 858 2431 1060 2496; x_wconf 90' lang='lat' dir='ltr'>adtenuatam</span> <span class='ocrx_word' id='word_1_138' title='bbox 1091 2437 1122 2495; x_wconf 91' lang='lat' dir='ltr'>et</span> <span class='ocrx_word' id='word_1_139' title='bbox 1151 2431 1345 2496; x_wconf 90' lang='lat' dir='ltr'>infirmatam</span> <span class='ocrx_word' id='word_1_140' title='bbox 1380 2451 1447 2496; x_wconf 89' lang='lat' dir='ltr'>esse</span> 
     </span>
     <span class='ocr_line' id='line_1_20' title="bbox 309 2535 1447 2620; baseline 0.002 -22"><span class='ocrx_word' id='word_1_141' title='bbox 309 2536 508 2618; x_wconf 87' lang='lat' dir='ltr'>pronuntiem</span> <span class='ocrx_word' id='word_1_142' title='bbox 539 2539 568 2600; x_wconf 90' lang='lat' dir='ltr'>et</span> <span class='ocrx_word' id='word_1_143' title='bbox 600 2535 770 2620; x_wconf 79' lang='lat' dir='ltr'>periclitari</span> <span class='ocrx_word' id='word_1_144' title='bbox 801 2555 884 2616; x_wconf 87' lang='lat' dir='ltr'>eum,</span> <span class='ocrx_word' id='word_1_145' title='bbox 915 2536 968 2618; x_wconf 93' lang='lat' dir='ltr'>qui</span> <span class='ocrx_word' id='word_1_146' title='bbox 998 2537 1106 2600; x_wconf 88' lang='lat' dir='ltr'>saluus</span> <span class='ocrx_word' id='word_1_147' title='bbox 1137 2541 1194 2617; x_wconf 90' lang='lat' dir='ltr'>est,</span> <span class='ocrx_word' id='word_1_148' title='bbox 1226 2539 1257 2600; x_wconf 87' lang='lat' dir='ltr'>et</span> <span class='ocrx_word' id='word_1_149' title='bbox 1282 2555 1365 2616; x_wconf 87' lang='lat' dir='ltr'>aum,</span> <span class='ocrx_word' id='word_1_150' title='bbox 1397 2537 1447 2618; x_wconf 88' lang='lat' dir='ltr'>qui</span> 
     </span>
    </p>

    <p class='ocr_par' dir='ltr' id='par_1_11' title="bbox 257 2639 1448 3350">
     <span class='ocr_line' id='line_1_21' title="bbox 258 2639 1448 2724; baseline -0.003 -16"><span class='ocrx_word' id='word_1_151' title='bbox 258 2669 284 2708; x_wconf 80' lang='lat' dir='ltr'>ao</span> <span class='ocrx_word' id='word_1_152' title='bbox 308 2640 410 2724; x_wconf 91' lang='lat' dir='ltr'>periit,</span> <span class='ocrx_word' id='word_1_153' title='bbox 441 2641 578 2723; x_wconf 88' lang='lat' dir='ltr'>petuisse</span> <span class='ocrx_word' id='word_1_154' title='bbox 607 2641 731 2704; x_wconf 89' lang='lat' dir='ltr'>saluari.</span> <span class='ocrx_word' id='word_1_155' title='bbox 779 2639 940 2704; x_wconf 83' lang='lat' dir='ltr'>Christum</span> <span class='ocrx_word' id='word_1_156' title='bbox 964 2640 1059 2704; x_wconf 89' lang='lat' dir='ltr'>etiam</span> <span class='ocrx_word' id='word_1_157' title='bbox 1082 2641 1175 2704; x_wconf 87' lang='lat' dir='ltr'>deum</span> <span class='ocrx_word' id='word_1_158' title='bbox 1198 2659 1234 2704; x_wconf 87' lang='lat' dir='ltr'>ae</span> <span class='ocrx_word' id='word_1_159' title='bbox 1257 2640 1448 2704; x_wconf 87' lang='lat' dir='ltr'>saluatorem</span> 
     </span>
     <span class='ocr_line' id='line_1_22' title="bbox 311 2745 1447 2827; baseline 0 -19"><span class='ocrx_word' id='word_1_160' title='bbox 311 2747 463 2824; x_wconf 87' lang='lat' dir='ltr'>nestrum,</span> <span class='ocrx_word' id='word_1_161' title='bbox 487 2747 641 2826; x_wconf 90' lang='lat' dir='ltr'>quantum</span> <span class='ocrx_word' id='word_1_162' title='bbox 663 2745 799 2827; x_wconf 89' lang='lat' dir='ltr'>pertinet</span> <span class='ocrx_word' id='word_1_163' title='bbox 823 2746 861 2808; x_wconf 92' lang='lat' dir='ltr'>ad</span> <span class='ocrx_word' id='word_1_164' title='bbox 885 2745 1009 2809; x_wconf 90' lang='lat' dir='ltr'>diuitias</span> <span class='ocrx_word' id='word_1_165' title='bbox 1032 2745 1181 2809; x_wconf 87' lang='lat' dir='ltr'>bonitatis</span> <span class='ocrx_word' id='word_1_166' title='bbox 1204 2762 1288 2824; x_wconf 89' lang='lat' dir='ltr'>suae,</span> <span class='ocrx_word' id='word_1_167' title='bbox 1311 2745 1447 2826; x_wconf 89' lang='lat' dir='ltr'>pretium</span> 
     </span>
     <span class='ocr_line' id='line_1_23' title="bbox 309 2847 1447 2932; baseline 0.002 -21"><span class='ocrx_word' id='word_1_168' title='bbox 309 2849 418 2912; x_wconf 88' lang='lat' dir='ltr'>mertis</span> <span class='ocrx_word' id='word_1_169' title='bbox 441 2866 496 2932; x_wconf 87' lang='lat' dir='ltr'>pre</span> <span class='ocrx_word' id='word_1_170' title='bbox 520 2847 666 2912; x_wconf 86' lang='lat' dir='ltr'>omnibus</span> <span class='ocrx_word' id='word_1_171' title='bbox 689 2849 840 2914; x_wconf 82' lang='lat' dir='ltr'>obtulisse</span> <span class='ocrx_word' id='word_1_172' title='bbox 864 2855 905 2929; x_wconf 93' lang='lat' dir='ltr'>et,</span> <span class='ocrx_word' id='word_1_173' title='bbox 930 2849 1145 2932; x_wconf 80' lang='lat' dir='ltr'>quianullum</span> <span class='ocrx_word' id='word_1_174' title='bbox 1168 2849 1268 2932; x_wconf 88' lang='lat' dir='ltr'>perire</span> <span class='ocrx_word' id='word_1_175' title='bbox 1284 2849 1371 2929; x_wconf 90' lang='lat' dir='ltr'>uelit,</span> <span class='ocrx_word' id='word_1_176' title='bbox 1395 2849 1447 2932; x_wconf 94' lang='lat' dir='ltr'>qui</span> 
     </span>
     <span class='ocr_line' id='line_1_24' title="bbox 309 2953 1446 3034; baseline 0.002 -18"><span class='ocrx_word' id='word_1_177' title='bbox 309 2957 357 3016; x_wconf 89' lang='lat' dir='ltr'>est</span> <span class='ocrx_word' id='word_1_178' title='bbox 388 2953 526 3018; x_wconf 84' lang='lat' dir='ltr'>saluatur</span> <span class='ocrx_word' id='word_1_179' title='bbox 557 2955 697 3017; x_wconf 87' lang='lat' dir='ltr'>emnium</span> <span class='ocrx_word' id='word_1_180' title='bbox 728 2954 907 3034; x_wconf 88' lang='lat' dir='ltr'>hominum,</span> <span class='ocrx_word' id='word_1_181' title='bbox 942 2955 1075 3017; x_wconf 82' lang='lat' dir='ltr'>maxime</span> <span class='ocrx_word' id='word_1_182' title='bbox 1109 2953 1262 3034; x_wconf 78' lang='lat' dir='ltr'>finenem,</span> <span class='ocrx_word' id='word_1_183' title='bbox 1297 2953 1385 3017; x_wconf 87' lang='lat' dir='ltr'>diues</span> <span class='ocrx_word' id='word_1_184' title='bbox 1415 2954 1446 3018; x_wconf 91' lang='lat' dir='ltr'>in</span> 
     </span>
     <span class='ocr_line' id='line_1_25' title="bbox 307 3057 1447 3140; baseline 0.002 -20"><span class='ocrx_word' id='word_1_185' title='bbox 307 3057 465 3138; x_wconf 83' lang='lat' dir='ltr'>amnibus,</span> <span class='ocrx_word' id='word_1_186' title='bbox 499 3059 551 3140; x_wconf 92' lang='lat' dir='ltr'>qui</span> <span class='ocrx_word' id='word_1_187' title='bbox 585 3058 733 3122; x_wconf 75' lang='lat' dir='ltr'>inuadant</span> <span class='ocrx_word' id='word_1_188' title='bbox 762 3059 860 3122; x_wconf 89' lang='lat' dir='ltr'>ilium.</span> <span class='ocrx_word' id='word_1_189' title='bbox 898 3063 928 3122; x_wconf 91' lang='lat' dir='ltr'>et</span> <span class='ocrx_word' id='word_1_190' title='bbox 958 3059 1032 3140; x_wconf 90' lang='lat' dir='ltr'>quia</span> <span class='ocrx_word' id='word_1_191' title='bbox 1061 3058 1092 3122; x_wconf 92' lang='lat' dir='ltr'>in</span> <span class='ocrx_word' id='word_1_192' title='bbox 1123 3059 1220 3122; x_wconf 91' lang='lat' dir='ltr'>tantis</span> <span class='ocrx_word' id='word_1_193' title='bbox 1250 3058 1343 3122; x_wconf 89' lang='lat' dir='ltr'>rebus</span> <span class='ocrx_word' id='word_1_194' title='bbox 1374 3077 1447 3122; x_wconf 86' lang='lat' dir='ltr'>een-</span> 
     </span>
     <span class='ocr_line' id='line_1_26' title="bbox 257 3161 1446 3244; baseline 0.001 -19"><span class='ocrx_word' id='word_1_195' title='bbox 257 3187 282 3226; x_wconf 74' lang='grc'>11</span> <span class='ocrx_word' id='word_1_196' title='bbox 309 3161 457 3226; x_wconf 78' lang='lat' dir='ltr'>scientiae</span> <span class='ocrx_word' id='word_1_197' title='bbox 474 3162 738 3242; x_wconf 78' lang='lat' dir='ltr'>satisfaciendum,</span> <span class='ocrx_word' id='word_1_198' title='bbox 760 3163 889 3226; x_wconf 90' lang='lat' dir='ltr'>memini</span> <span class='ocrx_word' id='word_1_199' title='bbox 905 3181 955 3226; x_wconf 89' lang='lat' dir='ltr'>me</span> <span class='ocrx_word' id='word_1_200' title='bbox 972 3167 1045 3226; x_wconf 90' lang='lat' dir='ltr'>ante</span> <span class='ocrx_word' id='word_1_201' title='bbox 1062 3163 1183 3242; x_wconf 83' lang='lat' dir='ltr'>dixisse,</span> <span class='ocrx_word' id='word_1_202' title='bbox 1207 3161 1288 3244; x_wconf 89' lang='lat' dir='ltr'>quod</span> <span class='ocrx_word' id='word_1_203' title='bbox 1305 3161 1446 3227; x_wconf 75' lang='lat' dir='ltr'>Christus</span> 
     </span>
     <span class='ocr_line' id='line_1_27' title="bbox 308 3265 1447 3350; baseline 0 -20"><span class='ocrx_word' id='word_1_204' title='bbox 308 3284 363 3349; x_wconf 88' lang='lat' dir='ltr'>pre</span> <span class='ocrx_word' id='word_1_205' title='bbox 379 3266 427 3330; x_wconf 89' lang='lat' dir='ltr'>his</span> <span class='ocrx_word' id='word_1_206' title='bbox 444 3269 577 3346; x_wconf 91' lang='lat' dir='ltr'>tantum,</span> <span class='ocrx_word' id='word_1_207' title='bbox 602 3285 678 3349; x_wconf 86' lang='lat' dir='ltr'>ques</span> <span class='ocrx_word' id='word_1_208' title='bbox 694 3265 866 3331; x_wconf 80' lang='lat' dir='ltr'>crediturus</span> <span class='ocrx_word' id='word_1_209' title='bbox 882 3267 1060 3350; x_wconf 84' lang='lat' dir='ltr'>praeseiuit,</span> <span class='ocrx_word' id='word_1_210' title='bbox 1080 3267 1258 3330; x_wconf 89' lang='lat' dir='ltr'>aduenisset</span> <span class='ocrx_word' id='word_1_211' title='bbox 1273 3268 1447 3331; x_wconf 88' lang='lat' dir='ltr'>sententias</span> 
     </span>
    </p>
   </div>
   <div class='ocr_carea' id='block_1_3' title="bbox 307 3473 1447 3872">
    <p class='ocr_par' dir='ltr' id='par_1_12' title="bbox 307 3473 1447 3872">
     <span class='ocr_line' id='line_1_28' title="bbox 351 3473 1447 3577; baseline -0.001 -14"><span class='ocrx_word' id='word_1_212' title='bbox 351 3505 467 3577; x_wconf 76' lang='lat' dir='ltr'>equod]</span> <span class='ocrx_word' id='word_1_213' title='bbox 487 3523 547 3561; x_wconf 86' lang='lat' dir='ltr'>eum</span> <span class='ocrx_word' id='word_1_214' title='bbox 566 3507 629 3564; x_wconf 83' lang='lat' dir='ltr'>add.</span> <span class='ocrx_word' id='word_1_215' title='bbox 649 3509 677 3562; x_wconf 90' lang='lat' dir='ltr'><strong><em>P</em></strong></span> <span class='ocrx_word' id='word_1_216' title='bbox 722 3503 744 3563; x_wconf 77' lang='grc'>’3</span> <span class='ocrx_word' id='word_1_217' title='bbox 762 3507 875 3576; x_wconf 82' lang='lat' dir='ltr'>legitimi</span> <span class='ocrx_word' id='word_1_218' title='bbox 893 3507 921 3562; x_wconf 91' lang='lat' dir='ltr'><strong><em>P</em></strong></span> <span class='ocrx_word' id='word_1_219' title='bbox 970 3473 1173 3563; x_wconf 61' lang='lat' dir='ltr'>dmoriatdrP</span> <span class='ocrx_word' id='word_1_220' title='bbox 1223 3507 1447 3577; x_wconf 84' lang='lat' dir='ltr'>5predistinatos</span> 
     </span>
     <span class='ocr_line' id='line_1_29' title="bbox 308 3593 1446 3664; baseline 0 -16"><span class='ocrx_word' id='word_1_221' title='bbox 308 3594 358 3650; x_wconf 82' lang='lat' dir='ltr'>PS</span> <span class='ocrx_word' id='word_1_222' title='bbox 427 3593 550 3649; x_wconf 72' lang='lat' dir='ltr'>inullus</span> <span class='ocrx_word' id='word_1_223' title='bbox 569 3596 603 3664; x_wconf 93' lang='lat' dir='ltr'>P,</span> <span class='ocrx_word' id='word_1_224' title='bbox 621 3593 725 3648; x_wconf 90' lang='lat' dir='ltr'>nullum</span> <span class='ocrx_word' id='word_1_225' title='bbox 744 3595 885 3651; x_wconf 81' lang='lat' dir='ltr'>Baroaiua</span> <span class='ocrx_word' id='word_1_226' title='bbox 955 3595 1128 3652; x_wconf 80' lang='lat' dir='ltr'>8uatureS</span> <span class='ocrx_word' id='word_1_227' title='bbox 1196 3594 1272 3663; x_wconf 80' lang='lat' dir='ltr'>seo]</span> <span class='ocrx_word' id='word_1_228' title='bbox 1291 3599 1352 3650; x_wconf 84' lang='lat' dir='ltr'>eta</span> <span class='ocrx_word' id='word_1_229' title='bbox 1416 3611 1446 3648; x_wconf 87' lang='lat' dir='ltr'>ex</span> 
     </span>
     <span class='ocr_line' id='line_1_30' title="bbox 308 3679 1446 3752; baseline 0.004 -19"><span class='ocrx_word' id='word_1_230' title='bbox 308 3679 431 3735; x_wconf 82' lang='lat' dir='ltr'>omnibus</span> <span class='ocrx_word' id='word_1_231' title='bbox 440 3683 483 3748; x_wconf 93' lang='lat'>(=</span> <span class='ocrx_word' id='word_1_232' title='bbox 495 3696 524 3734; x_wconf 85' lang='lat' dir='ltr'>ex</span> <span class='ocrx_word' id='word_1_233' title='bbox 534 3685 599 3750; x_wconf 89' lang='lat' dir='ltr'>tote,</span> <span class='ocrx_word' id='word_1_234' title='bbox 609 3684 829 3752; x_wconf 67' lang='lat' dir='ltr'>cflpap.165,20)</span> <span class='ocrx_word' id='word_1_235' title='bbox 839 3699 889 3738; x_wconf 82' lang='lat' dir='ltr'>aar.</span> <span class='ocrx_word' id='word_1_236' title='bbox 901 3683 934 3747; x_wconf 90' lang='grc' dir='ltr'>Ρ,</span> <span class='ocrx_word' id='word_1_237' title='bbox 945 3682 981 3735; x_wconf 89' lang='lat' dir='ltr'>eis</span> <span class='ocrx_word' id='word_1_238' title='bbox 991 3680 1114 3735; x_wconf 90' lang='lat' dir='ltr'>omuibus</span> <span class='ocrx_word' id='word_1_239' title='bbox 1124 3683 1278 3738; x_wconf 69' lang='lat' dir='ltr'>Kandara</span> <span class='ocrx_word' id='word_1_240' title='bbox 1288 3697 1321 3737; x_wconf 74' lang='lat' dir='ltr'>ea</span> <span class='ocrx_word' id='word_1_241' title='bbox 1330 3683 1446 3738; x_wconf 84' lang='lat' dir='ltr'>Momm-</span> 
     </span>
     <span class='ocr_line' id='line_1_31' title="bbox 307 3768 1447 3872; baseline 0.001 -49"><span class='ocrx_word' id='word_1_242' title='bbox 307 3769 365 3824; x_wconf 81' lang='lat' dir='ltr'>seni</span> <span class='ocrx_word' id='word_1_243' title='bbox 387 3773 539 3826; x_wconf 76' lang='lat' dir='ltr'>coniectura</span> <span class='ocrx_word' id='word_1_244' title='bbox 611 3773 643 3825; x_wconf 91' lang='lat'>10</span> <span class='ocrx_word' id='word_1_245' title='bbox 665 3768 836 3838; x_wconf 82' lang='lat' dir='ltr'>perdiderant</span> <span class='ocrx_word' id='word_1_246' title='bbox 858 3770 904 3837; x_wconf 71' lang='grc' dir='ltr'>ΡΙ,</span> <span class='ocrx_word' id='word_1_247' title='bbox 926 3769 1206 3872; x_wconf 71' lang='lat' dir='ltr'>perieritKrusedius</span> <span class='ocrx_word' id='word_1_248' title='bbox 1231 3786 1264 3825; x_wconf 77' lang='lat' dir='ltr'>aa</span> <span class='ocrx_word' id='word_1_249' title='bbox 1281 3769 1447 3827; x_wconf 78' lang='lat' dir='ltr'>Mommseas&#39;</span> 
     </span>
    </p>
   </div>
   <div class='ocr_carea' id='block_1_4' title="bbox 307 3881 1449 4072">
    <p class='ocr_par' dir='ltr' id='par_1_13' title="bbox 307 3881 1449 4072">
     <span class='ocr_line' id='line_1_32' title="bbox 307 3881 1449 3952; baseline 0.001 -14"><span class='ocrx_word' id='word_1_250' title='bbox 307 3883 460 3938; x_wconf 79' lang='lat' dir='ltr'>coniectare</span> <span class='ocrx_word' id='word_1_251' title='bbox 532 3885 561 3938; x_wconf 90' lang='lat'>11</span> <span class='ocrx_word' id='word_1_252' title='bbox 582 3881 648 3936; x_wconf 83' lang='lat' dir='ltr'>dicit</span> <span class='ocrx_word' id='word_1_253' title='bbox 666 3883 760 3938; x_wconf 72' lang='grc'><strong>1118</strong></span> <span class='ocrx_word' id='word_1_254' title='bbox 828 3882 973 3952; x_wconf 86' lang='lat' dir='ltr'>patriarcas</span> <span class='ocrx_word' id='word_1_255' title='bbox 992 3883 1019 3936; x_wconf 93' lang='lat' dir='ltr'><em>P</em></span> <span class='ocrx_word' id='word_1_256' title='bbox 1035 3881 1069 3949; x_wconf 91' lang='lat' dir='ltr'>(h</span> <span class='ocrx_word' id='word_1_257' title='bbox 1087 3899 1158 3937; x_wconf 84' lang='lat' dir='ltr'>mun.</span> <span class='ocrx_word' id='word_1_258' title='bbox 1172 3883 1231 3950; x_wconf 81' lang='lat' dir='ltr'>ult.)</span> <span class='ocrx_word' id='word_1_259' title='bbox 1302 3883 1449 3950; x_wconf 82' lang='lat' dir='ltr'>quoqueS</span> 
     </span>
     <span class='ocr_line' id='line_1_33' title="bbox 309 3968 1448 4072; baseline 0 -48"><span class='ocrx_word' id='word_1_260' title='bbox 309 3971 341 4024; x_wconf 89' lang='grc'>12</span> <span class='ocrx_word' id='word_1_261' title='bbox 359 3969 387 4022; x_wconf 89' lang='grc'>11</span> <span class='ocrx_word' id='word_1_262' title='bbox 406 3968 546 4039; x_wconf 85' lang='lat' dir='ltr'>par.hab.]</span> <span class='ocrx_word' id='word_1_263' title='bbox 565 3969 636 4023; x_wconf 89' lang='lat' dir='ltr'>intra</span> <span class='ocrx_word' id='word_1_264' title='bbox 654 3968 808 4072; x_wconf 61' lang='lat' dir='ltr'>paradisum</span> <span class='ocrx_word' id='word_1_265' title='bbox 823 3971 850 4024; x_wconf 98' lang='grc' dir='ltr'><strong><em>Ρ</em></strong></span> <span class='ocrx_word' id='word_1_266' title='bbox 902 3969 1188 4038; x_wconf 74' lang='grc' dir='ltr'><strong>11111-1111111Ρ</strong></span> <span class='ocrx_word' id='word_1_267' title='bbox 1240 3971 1272 4026; x_wconf 92' lang='grc'>16</span> <span class='ocrx_word' id='word_1_268' title='bbox 1284 3968 1448 4024; x_wconf 84' lang='lat' dir='ltr'>annisumP</span> 
     </span>
    </p>
   </div>
   <div class='ocr_carea' id='block_1_5' title="bbox 306 4080 1447 4504">
    <p class='ocr_par' dir='ltr' id='par_1_14' title="bbox 306 4080 1447 4504">
     <span class='ocr_line' id='line_1_34' title="bbox 309 4080 1447 4152; baseline 0 -16"><span class='ocrx_word' id='word_1_269' title='bbox 309 4082 339 4136; x_wconf 79' lang='lat'>17</span> <span class='ocrx_word' id='word_1_270' title='bbox 366 4080 533 4138; x_wconf 72' lang='lat' dir='ltr'>humanas</span> <span class='ocrx_word' id='word_1_271' title='bbox 619 4085 651 4139; x_wconf 88' lang='grc'>18</span> <span class='ocrx_word' id='word_1_272' title='bbox 674 4085 827 4135; x_wconf 83' lang='lat' dir='ltr'>atenuataru</span> <span class='ocrx_word' id='word_1_273' title='bbox 851 4082 878 4135; x_wconf 92' lang='lat' dir='ltr'><strong><em>P</em></strong></span> <span class='ocrx_word' id='word_1_274' title='bbox 964 4085 996 4138; x_wconf 84' lang='lat'>19</span> <span class='ocrx_word' id='word_1_275' title='bbox 1018 4081 1166 4152; x_wconf 86' lang='lat' dir='ltr'>pereclitari</span> <span class='ocrx_word' id='word_1_276' title='bbox 1192 4083 1220 4150; x_wconf 82' lang='lat' dir='ltr'>S,</span> <span class='ocrx_word' id='word_1_277' title='bbox 1247 4081 1398 4152; x_wconf 78' lang='lat' dir='ltr'>periclitans</span> <span class='ocrx_word' id='word_1_278' title='bbox 1420 4083 1447 4136; x_wconf 99' lang='grc' dir='ltr'><strong><em>Ρ</em></strong></span> 
     </span>
     <span class='ocr_line' id='line_1_35' title="bbox 306 4167 1445 4238; baseline 0.002 -15"><span class='ocrx_word' id='word_1_279' title='bbox 306 4169 340 4224; x_wconf 87' lang='grc'>20</span> <span class='ocrx_word' id='word_1_280' title='bbox 358 4168 436 4238; x_wconf 89' lang='lat' dir='ltr'>petiit</span> <span class='ocrx_word' id='word_1_281' title='bbox 454 4170 482 4223; x_wconf 92' lang='lat' dir='ltr'><strong><em>P</em></strong></span> <span class='ocrx_word' id='word_1_282' title='bbox 532 4167 670 4222; x_wconf 91' lang='lat' dir='ltr'>dominum</span> <span class='ocrx_word' id='word_1_283' title='bbox 683 4170 824 4224; x_wconf 80' lang='lat' dir='ltr'>Barenius</span> <span class='ocrx_word' id='word_1_284' title='bbox 877 4169 918 4238; x_wconf 85' lang='lat' dir='ltr'>aa]</span> <span class='ocrx_word' id='word_1_285' title='bbox 938 4173 965 4222; x_wconf 83' lang='lat' dir='ltr'>et</span> <span class='ocrx_word' id='word_1_286' title='bbox 980 4169 1123 4224; x_wconf 67' lang='lat' dir='ltr'>aaronem</span> <span class='ocrx_word' id='word_1_287' title='bbox 1175 4171 1206 4224; x_wconf 84' lang='lat'>21</span> <span class='ocrx_word' id='word_1_288' title='bbox 1227 4172 1346 4221; x_wconf 82' lang='lat' dir='ltr'>nostrum</span> <span class='ocrx_word' id='word_1_289' title='bbox 1365 4187 1445 4224; x_wconf 76' lang='lat' dir='ltr'>amu</span> 
     </span>
     <span class='ocr_line' id='line_1_36' title="bbox 307 4254 1446 4326; baseline 0.001 -18"><span class='ocrx_word' id='word_1_290' title='bbox 307 4254 441 4324; x_wconf 86' lang='lat' dir='ltr'>omnibus]</span> <span class='ocrx_word' id='word_1_291' title='bbox 459 4255 613 4310; x_wconf 90' lang='lat' dir='ltr'>hominibus</span> <span class='ocrx_word' id='word_1_292' title='bbox 631 4257 695 4311; x_wconf 82' lang='lat' dir='ltr'>add.</span> <span class='ocrx_word' id='word_1_293' title='bbox 715 4257 749 4310; x_wconf 88' lang='lat' dir='ltr'><em>H</em></span> <span class='ocrx_word' id='word_1_294' title='bbox 806 4256 937 4326; x_wconf 89' lang='lat' dir='ltr'>praetium</span> <span class='ocrx_word' id='word_1_295' title='bbox 956 4257 983 4310; x_wconf 99' lang='grc' dir='ltr'><strong><em>Ρ</em></strong></span> <span class='ocrx_word' id='word_1_296' title='bbox 1043 4257 1077 4312; x_wconf 91' lang='grc'>22</span> <span class='ocrx_word' id='word_1_297' title='bbox 1095 4255 1266 4325; x_wconf 67' lang='lat' dir='ltr'>optulisset*</span> <span class='ocrx_word' id='word_1_298' title='bbox 1325 4255 1402 4309; x_wconf 89' lang='lat' dir='ltr'>uellit</span> <span class='ocrx_word' id='word_1_299' title='bbox 1419 4256 1446 4309; x_wconf 99' lang='grc' dir='ltr'><strong><em>Ρ</em></strong></span> 
     </span>
     <span class='ocr_line' id='line_1_37' title="bbox 307 4341 1443 4414; baseline -0.002 -15"><span class='ocrx_word' id='word_1_300' title='bbox 307 4343 340 4399; x_wconf 86' lang='grc'>23</span> <span class='ocrx_word' id='word_1_301' title='bbox 358 4341 498 4396; x_wconf 88' lang='lat' dir='ltr'>hominurn</span> <span class='ocrx_word' id='word_1_302' title='bbox 516 4360 566 4400; x_wconf 86' lang='lat' dir='ltr'>om.</span> <span class='ocrx_word' id='word_1_303' title='bbox 582 4345 609 4397; x_wconf 96' lang='lat' dir='ltr'><strong><em>P</em></strong></span> <span class='ocrx_word' id='word_1_304' title='bbox 659 4345 692 4398; x_wconf 86' lang='grc'>24</span> <span class='ocrx_word' id='word_1_305' title='bbox 711 4347 738 4396; x_wconf 90' lang='lat' dir='ltr'>et</span> <span class='ocrx_word' id='word_1_306' title='bbox 751 4343 813 4411; x_wconf 89' lang='lat' dir='ltr'>quia</span> <span class='ocrx_word' id='word_1_307' title='bbox 823 4371 854 4382; x_wconf 88' lang='lat'>-</span> <span class='ocrx_word' id='word_1_308' title='bbox 861 4361 891 4413; x_wconf 83' lang='lat' dir='ltr'>p.</span> <span class='ocrx_word' id='word_1_309' title='bbox 902 4347 960 4414; x_wconf 80' lang='lat'>167,</span> <span class='ocrx_word' id='word_1_310' title='bbox 970 4347 1005 4398; x_wconf 84' lang='lat'>17</span> <span class='ocrx_word' id='word_1_311' title='bbox 1016 4343 1164 4414; x_wconf 89' lang='lat' dir='ltr'>puniendos</span> <span class='ocrx_word' id='word_1_312' title='bbox 1178 4361 1229 4400; x_wconf 85' lang='lat' dir='ltr'>em.</span> <span class='ocrx_word' id='word_1_313' title='bbox 1242 4343 1270 4397; x_wconf 93' lang='lat' dir='ltr'><strong><em>P</em></strong></span> <span class='ocrx_word' id='word_1_314' title='bbox 1321 4344 1355 4400; x_wconf 81' lang='grc'>25</span> <span class='ocrx_word' id='word_1_315' title='bbox 1368 4341 1443 4398; x_wconf 82' lang='lat' dir='ltr'>satis-</span> 
     </span>
     <span class='ocr_line' id='line_1_38' title="bbox 307 4429 832 4504; baseline 0.008 -20"><span class='ocrx_word' id='word_1_316' title='bbox 307 4429 471 4504; x_wconf 80' lang='lat' dir='ltr'>faciendum]</span> <span class='ocrx_word' id='word_1_317' title='bbox 490 4433 531 4484; x_wconf 87' lang='lat' dir='ltr'>est</span> <span class='ocrx_word' id='word_1_318' title='bbox 548 4431 611 4488; x_wconf 84' lang='lat' dir='ltr'>add.</span> <span class='ocrx_word' id='word_1_319' title='bbox 630 4431 664 4486; x_wconf 88' lang='lat' dir='ltr'><em>H</em></span> <span class='ocrx_word' id='word_1_320' title='bbox 679 4432 832 4488; x_wconf 68' lang='lat' dir='ltr'>Kreaearus</span> 
     </span>
    </p>
   </div>
   <div class='ocr_carea' id='block_1_6' title="bbox 0 0 1626 5130">
    <p class='ocr_par' dir='ltr' id='par_1_15' title="bbox 0 0 1626 5130">
     <span class='ocr_line' id='line_1_39' title="bbox 0 0 1626 5130; baseline 0 0"><span class='ocrx_word' id='word_1_321' title='bbox 0 0 1626 5130; x_wconf 95' lang='lat' dir='ltr'> </span> 
     </span>
    </p>
   </div>
  </div>
 </body>
</html>
