<?xml version="1.0" encoding="UTF-8"?>
<!DOCTYPE html PUBLIC "-//W3C//DTD XHTML 1.0 Transitional//EN"
    "http://www.w3.org/TR/xhtml1/DTD/xhtml1-transitional.dtd">
<html xmlns="http://www.w3.org/1999/xhtml" xml:lang="en" lang="en">
 <head>
  <title>
</title>
<meta http-equiv="Content-Type" content="text/html;charset=utf-8" />
  <meta name='ocr-system' content='tesseract 3.04.00' />
  <meta name='ocr-capabilities' content='ocr_page ocr_carea ocr_par ocr_line ocrx_word'/>
</head>
<body>
  <div class='ocr_page' id='page_1' title='image "./praetersermones01fausgoog/praetersermones01fausgoog_0075.png"; bbox 0 0 3320 5140; ppageno 0'>
   <div class='ocr_carea' id='block_1_1' title="bbox 331 466 1015 536">
    <p class='ocr_par' dir='ltr' id='par_1_1' title="bbox 331 466 1015 536">
     <span class='ocr_line' id='line_1_1' title="bbox 331 466 1015 536; baseline 0.003 -15"><span class='ocrx_word' id='word_1_1' title='bbox 331 466 445 521; x_wconf 83' lang='lat' dir='ltr'><strong>LXVIII</strong></span> <span class='ocrx_word' id='word_1_2' title='bbox 774 467 1015 536; x_wconf 84' lang='lat' dir='ltr'><strong>Prolegomena.</strong></span> 
     </span>
    </p>
   </div>
   <div class='ocr_carea' id='block_1_2' title="bbox 330 637 1460 727">
    <p class='ocr_par' dir='ltr' id='par_1_2' title="bbox 330 637 1460 727">
     <span class='ocr_line' id='line_1_2' title="bbox 330 637 1460 727; baseline 0.002 -22"><span class='ocrx_word' id='word_1_3' title='bbox 330 637 450 705; x_wconf 79' lang='lat' dir='ltr'><strong>meatur</strong></span> <span class='ocrx_word' id='word_1_4' title='bbox 484 641 615 727; x_wconf 82' lang='lat' dir='ltr'><strong>optaui,</strong></span> <span class='ocrx_word' id='word_1_5' title='bbox 650 651 687 704; x_wconf 87' lang='lat' dir='ltr'><strong>ut</strong></span> <span class='ocrx_word' id='word_1_6' title='bbox 721 640 766 704; x_wconf 87' lang='lat' dir='ltr'><strong>aci</strong></span> <span class='ocrx_word' id='word_1_7' title='bbox 795 642 1010 706; x_wconf 76' lang='lat' dir='ltr'><strong>ueoecoitatem</strong></span> <span class='ocrx_word' id='word_1_8' title='bbox 1040 642 1149 718; x_wconf 82' lang='lat' dir='ltr'><strong>istum,</strong></span> <span class='ocrx_word' id='word_1_9' title='bbox 1184 663 1265 726; x_wconf 77' lang='lat' dir='ltr'><strong>quae</strong></span> <span class='ocrx_word' id='word_1_10' title='bbox 1300 642 1352 704; x_wconf 79' lang='lat' dir='ltr'><strong>tic</strong></span> <span class='ocrx_word' id='word_1_11' title='bbox 1381 642 1460 725; x_wconf 87' lang='lat' dir='ltr'><strong>(scil.</strong></span> 
     </span>
    </p>
   </div>
   <div class='ocr_carea' id='block_1_3' title="bbox 267 745 1462 1978">
    <p class='ocr_par' dir='ltr' id='par_1_3' title="bbox 267 745 1462 1978">
     <span class='ocr_line' id='line_1_3' title="bbox 330 745 1461 832; baseline -0.003 -20"><span class='ocrx_word' id='word_1_12' title='bbox 330 747 470 828; x_wconf 79' lang='lat' dir='ltr'>Tolosae,</span> <span class='ocrx_word' id='word_1_13' title='bbox 494 749 531 812; x_wconf 83' lang='lat' dir='ltr'><strong>ci.</strong></span> <span class='ocrx_word' id='word_1_14' title='bbox 550 768 580 831; x_wconf 89' lang='lat' dir='ltr'><strong>p.</strong></span> <span class='ocrx_word' id='word_1_15' title='bbox 596 745 708 827; x_wconf 78' lang='grc'>447,4</span> <span class='ocrx_word' id='word_1_16' title='bbox 729 768 794 809; x_wconf 87' lang='lat' dir='ltr'><strong>uou</strong></span> <span class='ocrx_word' id='word_1_17' title='bbox 811 746 911 832; x_wconf 76' lang='lat' dir='ltr'><strong>prius</strong></span> <span class='ocrx_word' id='word_1_18' title='bbox 934 767 987 832; x_wconf 75' lang='lat' dir='ltr'><strong>epo</strong></span> <span class='ocrx_word' id='word_1_19' title='bbox 1007 769 1027 808; x_wconf 88' lang='lat' dir='ltr'><strong>c</strong></span> <span class='ocrx_word' id='word_1_20' title='bbox 1047 745 1162 810; x_wconf 80' lang='lat' dir='ltr'><strong>Tolosa</strong></span> <span class='ocrx_word' id='word_1_21' title='bbox 1184 746 1381 831; x_wconf 78' lang='lat' dir='ltr'><strong>reuerterer)</strong></span> <span class='ocrx_word' id='word_1_22' title='bbox 1405 767 1461 809; x_wconf 85' lang='lat' dir='ltr'><strong>uos</strong></span> 
     </span>
     <span class='ocr_line' id='line_1_4' title="bbox 267 849 1462 936; baseline -0.001 -23"><span class='ocrx_word' id='word_1_23' title='bbox 267 913 270 920; x_wconf 86' lang='grc'>,</span> <span class='ocrx_word' id='word_1_24' title='bbox 330 849 485 927; x_wconf 77' lang='lat' dir='ltr'><strong>euiibuit,</strong></span> <span class='ocrx_word' id='word_1_25' title='bbox 508 849 665 914; x_wconf 78' lang='lat' dir='ltr'><strong>ueniretic</strong></span> <span class='ocrx_word' id='word_1_26' title='bbox 682 855 714 915; x_wconf 87' lang='lat' dir='ltr'><strong>et</strong></span> <span class='ocrx_word' id='word_1_27' title='bbox 730 851 772 934; x_wconf 91' lang='lat' dir='ltr'><strong>(p.</strong></span> <span class='ocrx_word' id='word_1_28' title='bbox 789 849 863 932; x_wconf 89' lang='grc'>446,</span> <span class='ocrx_word' id='word_1_29' title='bbox 880 849 950 934; x_wconf 83' lang='grc'>23);</span> <span class='ocrx_word' id='word_1_30' title='bbox 973 860 1182 935; x_wconf 75' lang='lat' dir='ltr'><strong><em>posteaquam</em></strong></span> <span class='ocrx_word' id='word_1_31' title='bbox 1196 871 1243 913; x_wconf 84' lang='lat' dir='ltr'><strong>me</strong></span> <span class='ocrx_word' id='word_1_32' title='bbox 1254 849 1462 936; x_wconf 78' lang='lat' dir='ltr'><strong>praesentiae</strong></span> 
     </span>
     <span class='ocr_line' id='line_1_5' title="bbox 329 951 1461 1042; baseline 0 -25"><span class='ocrx_word' id='word_1_33' title='bbox 329 965 456 1018; x_wconf 82' lang='lat' dir='ltr'><strong>uestrae</strong></span> <span class='ocrx_word' id='word_1_34' title='bbox 486 977 556 1040; x_wconf 80' lang='lat' dir='ltr'><strong>spes</strong></span> <span class='ocrx_word' id='word_1_35' title='bbox 579 954 755 1042; x_wconf 75' lang='lat' dir='ltr'><strong>frustratu</strong></span> <span class='ocrx_word' id='word_1_36' title='bbox 782 964 836 1017; x_wconf 84' lang='lat' dir='ltr'><strong>cat.</strong></span> <span class='ocrx_word' id='word_1_37' title='bbox 875 957 922 1020; x_wconf 91' lang='lat' dir='ltr'><strong>cui</strong></span> <span class='ocrx_word' id='word_1_38' title='bbox 949 951 1115 1037; x_wconf 82' lang='lat' dir='ltr'><strong>respondet</strong></span> <span class='ocrx_word' id='word_1_39' title='bbox 1136 957 1278 1020; x_wconf 79' lang='lat' dir='ltr'><strong>Ruricius</strong></span> <span class='ocrx_word' id='word_1_40' title='bbox 1302 976 1347 1038; x_wconf 90' lang='lat' dir='ltr'><strong>ep.</strong></span> <span class='ocrx_word' id='word_1_41' title='bbox 1365 956 1397 1018; x_wconf 92' lang='lat' dir='ltr'><strong>II</strong></span> <span class='ocrx_word' id='word_1_42' title='bbox 1420 951 1461 1018; x_wconf 86' lang='lat'><strong>35</strong></span> 
     </span>
     <span class='ocr_line' id='line_1_6' title="bbox 329 1057 1461 1125; baseline -0.002 -1"><span class='ocrx_word' id='word_1_43' title='bbox 329 1061 482 1124; x_wconf 87' lang='lat' dir='ltr'><strong>diuersam</strong></span> <span class='ocrx_word' id='word_1_44' title='bbox 506 1059 716 1124; x_wconf 89' lang='lat' dir='ltr'><strong>membrorum</strong></span> <span class='ocrx_word' id='word_1_45' title='bbox 740 1057 954 1124; x_wconf 88' lang='lat' dir='ltr'><strong>infirmitatem</strong></span> <span class='ocrx_word' id='word_1_46' title='bbox 977 1061 1130 1125; x_wconf 88' lang='lat' dir='ltr'><strong>restitisse</strong></span> <span class='ocrx_word' id='word_1_47' title='bbox 1153 1064 1185 1124; x_wconf 90' lang='lat' dir='ltr'><strong>et</strong></span> <span class='ocrx_word' id='word_1_48' title='bbox 1208 1060 1359 1125; x_wconf 89' lang='lat' dir='ltr'><strong>tenuitate</strong></span> <span class='ocrx_word' id='word_1_49' title='bbox 1380 1059 1461 1123; x_wconf 82' lang='lat' dir='ltr'><strong>exesi</strong></span> 
     </span>
     <span class='ocr_line' id='line_1_7' title="bbox 329 1164 1461 1248; baseline 0 -20"><span class='ocrx_word' id='word_1_50' title='bbox 329 1165 473 1247; x_wconf 87' lang='lat' dir='ltr'><strong>corporis,</strong></span> <span class='ocrx_word' id='word_1_51' title='bbox 498 1164 579 1246; x_wconf 89' lang='lat' dir='ltr'><strong>quod</strong></span> <span class='ocrx_word' id='word_1_52' title='bbox 595 1165 654 1229; x_wconf 92' lang='lat' dir='ltr'><strong>duo</strong></span> <span class='ocrx_word' id='word_1_53' title='bbox 674 1166 768 1247; x_wconf 91' lang='lat' dir='ltr'><strong>pedes</strong></span> <span class='ocrx_word' id='word_1_54' title='bbox 791 1183 864 1248; x_wconf 89' lang='lat' dir='ltr'><strong>prae</strong></span> <span class='ocrx_word' id='word_1_55' title='bbox 888 1165 1057 1229; x_wconf 89' lang='lat' dir='ltr'><strong>defectione</strong></span> <span class='ocrx_word' id='word_1_56' title='bbox 1080 1165 1235 1230; x_wconf 89' lang='lat' dir='ltr'><strong>sustinere</strong></span> <span class='ocrx_word' id='word_1_57' title='bbox 1259 1165 1309 1228; x_wconf 83' lang='lat' dir='ltr'><strong>uir</strong></span> <span class='ocrx_word' id='word_1_58' title='bbox 1324 1168 1461 1248; x_wconf 79' lang='lat' dir='ltr'><strong>possent,</strong></span> 
     </span>
     <span class='ocr_line' id='line_1_8' title="bbox 327 1268 1460 1352; baseline 0 -20"><span class='ocrx_word' id='word_1_59' title='bbox 327 1268 511 1352; x_wconf 90' lang='lat' dir='ltr'><strong>impeditum</strong></span> <span class='ocrx_word' id='word_1_60' title='bbox 539 1287 573 1332; x_wconf 90' lang='lat' dir='ltr'><strong>se</strong></span> <span class='ocrx_word' id='word_1_61' title='bbox 596 1288 673 1349; x_wconf 87' lang='lat' dir='ltr'><strong>esse,</strong></span> <span class='ocrx_word' id='word_1_62' title='bbox 702 1269 866 1351; x_wconf 84' lang='lat' dir='ltr'>quominus</span> <span class='ocrx_word' id='word_1_63' title='bbox 894 1269 933 1332; x_wconf 88' lang='lat' dir='ltr'><strong>ad</strong></span> <span class='ocrx_word' id='word_1_64' title='bbox 956 1270 1108 1351; x_wconf 84' lang='lat' dir='ltr'>synodum</span> <span class='ocrx_word' id='word_1_65' title='bbox 1131 1269 1306 1333; x_wconf 87' lang='lat' dir='ltr'><strong>condictam</strong></span> <span class='ocrx_word' id='word_1_66' title='bbox 1332 1269 1460 1332; x_wconf 89' lang='lat' dir='ltr'><strong>ueniret.</strong></span> 
     </span>
     <span class='ocr_line' id='line_1_9' title="bbox 371 1373 1460 1456; baseline 0 -20"><span class='ocrx_word' id='word_1_67' title='bbox 371 1373 463 1438; x_wconf 93' lang='lat' dir='ltr'><strong>Anno</strong></span> <span class='ocrx_word' id='word_1_68' title='bbox 487 1374 606 1437; x_wconf 90' lang='lat' dir='ltr'><strong>concilii</strong></span> <span class='ocrx_word' id='word_1_69' title='bbox 622 1373 767 1437; x_wconf 88' lang='lat' dir='ltr'><strong>Tolosani</strong></span> <span class='ocrx_word' id='word_1_70' title='bbox 790 1374 816 1437; x_wconf 92' lang='lat' dir='ltr'><strong>si</strong></span> <span class='ocrx_word' id='word_1_71' title='bbox 839 1391 964 1456; x_wconf 90' lang='lat' dir='ltr'><strong>corpore</strong></span> <span class='ocrx_word' id='word_1_72' title='bbox 985 1374 1060 1438; x_wconf 86' lang='lat' dir='ltr'><strong>adeo</strong></span> <span class='ocrx_word' id='word_1_73' title='bbox 1076 1375 1211 1438; x_wconf 90' lang='lat' dir='ltr'><strong>inualido</strong></span> <span class='ocrx_word' id='word_1_74' title='bbox 1229 1377 1295 1438; x_wconf 89' lang='lat' dir='ltr'><strong>erat</strong></span> <span class='ocrx_word' id='word_1_75' title='bbox 1310 1373 1460 1452; x_wconf 78' lang='lat' dir='ltr'>Ruricius,</span> 
     </span>
     <span class='ocr_line' id='line_1_10' title="bbox 327 1477 1460 1560; baseline -0.003 -18"><span class='ocrx_word' id='word_1_76' title='bbox 327 1495 390 1542; x_wconf 91' lang='lat' dir='ltr'><strong>non</strong></span> <span class='ocrx_word' id='word_1_77' title='bbox 413 1479 510 1543; x_wconf 90' lang='lat' dir='ltr'><strong>multo</strong></span> <span class='ocrx_word' id='word_1_78' title='bbox 533 1481 603 1560; x_wconf 90' lang='lat' dir='ltr'><strong>post</strong></span> <span class='ocrx_word' id='word_1_79' title='bbox 626 1496 698 1541; x_wconf 92' lang='lat' dir='ltr'><strong>eum</strong></span> <span class='ocrx_word' id='word_1_80' title='bbox 725 1478 808 1542; x_wconf 89' lang='lat' dir='ltr'><strong>diem</strong></span> <span class='ocrx_word' id='word_1_81' title='bbox 835 1495 1016 1560; x_wconf 91' lang='lat' dir='ltr'><strong>supremum</strong></span> <span class='ocrx_word' id='word_1_82' title='bbox 1044 1478 1157 1543; x_wconf 89' lang='lat' dir='ltr'><strong>obiisse</strong></span> <span class='ocrx_word' id='word_1_83' title='bbox 1181 1479 1245 1542; x_wconf 85' lang='lat' dir='ltr'><strong>ueri</strong></span> <span class='ocrx_word' id='word_1_84' title='bbox 1269 1477 1371 1541; x_wconf 91' lang='lat' dir='ltr'><strong>simile</strong></span> <span class='ocrx_word' id='word_1_85' title='bbox 1394 1495 1460 1540; x_wconf 89' lang='lat' dir='ltr'><strong>esse</strong></span> 
     </span>
     <span class='ocr_line' id='line_1_11' title="bbox 327 1581 1461 1666; baseline -0.001 -21"><span class='ocrx_word' id='word_1_86' title='bbox 327 1581 398 1645; x_wconf 87' lang='lat' dir='ltr'><strong>curn</strong></span> <span class='ocrx_word' id='word_1_87' title='bbox 413 1582 568 1646; x_wconf 87' lang='lat' dir='ltr'><strong>Kruschio</strong></span> <span class='ocrx_word' id='word_1_88' title='bbox 592 1581 767 1646; x_wconf 74' lang='lat' dir='ltr'><strong>statuimus.</strong></span> <span class='ocrx_word' id='word_1_89' title='bbox 803 1601 838 1646; x_wconf 84' lang='lat' dir='ltr'><strong>er</strong></span> <span class='ocrx_word' id='word_1_90' title='bbox 863 1583 1027 1666; x_wconf 89' lang='lat' dir='ltr'><strong>epitaphio,</strong></span> <span class='ocrx_word' id='word_1_91' title='bbox 1051 1583 1133 1664; x_wconf 92' lang='lat' dir='ltr'><strong>quod</strong></span> <span class='ocrx_word' id='word_1_92' title='bbox 1155 1583 1329 1665; x_wconf 79' lang='lat' dir='ltr'><strong>composuit</strong></span> <span class='ocrx_word' id='word_1_93' title='bbox 1352 1581 1461 1645; x_wconf 76' lang='lat' dir='ltr'><strong>I&#39;ortu·</strong></span> 
     </span>
     <span class='ocr_line' id='line_1_12' title="bbox 327 1684 1461 1769; baseline -0.001 -20"><span class='ocrx_word' id='word_1_94' title='bbox 327 1689 419 1749; x_wconf 90' lang='lat' dir='ltr'><strong>natus</strong></span> <span class='ocrx_word' id='word_1_95' title='bbox 441 1686 564 1750; x_wconf 78' lang='lat' dir='ltr'><strong>Ruricio</strong></span> <span class='ocrx_word' id='word_1_96' title='bbox 588 1687 714 1768; x_wconf 90' lang='lat' dir='ltr'><strong>eiusque</strong></span> <span class='ocrx_word' id='word_1_97' title='bbox 738 1687 841 1769; x_wconf 83' lang='lat' dir='ltr'><strong>nepoti</strong></span> <span class='ocrx_word' id='word_1_98' title='bbox 865 1687 990 1752; x_wconf 86' lang='lat' dir='ltr'><strong>Ruricio</strong></span> <span class='ocrx_word' id='word_1_99' title='bbox 1012 1687 1122 1750; x_wconf 91' lang='lat' dir='ltr'><strong>iuniori</strong></span> <span class='ocrx_word' id='word_1_100' title='bbox 1145 1687 1220 1749; x_wconf 89' lang='lat' dir='ltr'><strong>item</strong></span> <span class='ocrx_word' id='word_1_101' title='bbox 1244 1686 1386 1768; x_wconf 90' lang='lat' dir='ltr'><strong>episcopo</strong></span> <span class='ocrx_word' id='word_1_102' title='bbox 1402 1684 1461 1748; x_wconf 86' lang='lat' dir='ltr'><strong>Le-</strong></span> 
     </span>
     <span class='ocr_line' id='line_1_13' title="bbox 327 1789 1461 1873; baseline 0 -21"><span class='ocrx_word' id='word_1_103' title='bbox 327 1790 507 1870; x_wconf 88' lang='lat' dir='ltr'><strong>mouicensi,</strong></span> <span class='ocrx_word' id='word_1_104' title='bbox 531 1791 690 1854; x_wconf 80' lang='lat' dir='ltr'><strong>Ruricium</strong></span> <span class='ocrx_word' id='word_1_105' title='bbox 713 1795 854 1855; x_wconf 91' lang='lat' dir='ltr'><strong>nostrum</strong></span> <span class='ocrx_word' id='word_1_106' title='bbox 878 1791 1041 1854; x_wconf 89' lang='lat' dir='ltr'><strong>ecclesiam</strong></span> <span class='ocrx_word' id='word_1_107' title='bbox 1064 1811 1088 1854; x_wconf 91' lang='lat' dir='ltr'><strong>s.</strong></span> <span class='ocrx_word' id='word_1_108' title='bbox 1104 1791 1275 1873; x_wconf 85' lang='lat' dir='ltr'><strong>Augustini</strong></span> <span class='ocrx_word' id='word_1_109' title='bbox 1298 1789 1461 1853; x_wconf 71' lang='grc'>1444444-</span> 
     </span>
     <span class='ocr_line' id='line_1_14' title="bbox 326 1893 1417 1978; baseline 0 -21"><span class='ocrx_word' id='word_1_110' title='bbox 326 1895 431 1958; x_wconf 91' lang='lat' dir='ltr'><strong>uicum</strong></span> <span class='ocrx_word' id='word_1_111' title='bbox 455 1894 530 1958; x_wconf 85' lang='lat' dir='ltr'><strong>mbo</strong></span> <span class='ocrx_word' id='word_1_112' title='bbox 554 1893 733 1958; x_wconf 88' lang='lat' dir='ltr'><strong>aedificasse</strong></span> <span class='ocrx_word' id='word_1_113' title='bbox 756 1896 963 1978; x_wconf 85' lang='lat' dir='ltr'><strong>comperimus</strong></span> <span class='ocrx_word' id='word_1_114' title='bbox 987 1895 1084 1978; x_wconf 83' lang='lat' dir='ltr'><strong>(Rort.</strong></span> <span class='ocrx_word' id='word_1_115' title='bbox 1101 1913 1195 1958; x_wconf 81' lang='lat' dir='ltr'><strong>cumn.</strong></span> <span class='ocrx_word' id='word_1_116' title='bbox 1212 1895 1278 1958; x_wconf 91' lang='lat' dir='ltr'><strong>IIII</strong></span> <span class='ocrx_word' id='word_1_117' title='bbox 1299 1893 1330 1974; x_wconf 77' lang='grc' dir='ltr'>ὃ,</span> <span class='ocrx_word' id='word_1_118' title='bbox 1349 1893 1417 1977; x_wconf 82' lang='grc'>11);</span> 
     </span>
    </p>
   </div>
   <div class='ocr_carea' id='block_1_4' title="bbox 430 2049 1358 2240">
    <p class='ocr_par' dir='ltr' id='par_1_4' title="bbox 430 2049 1358 2240">
     <span class='ocr_line' id='line_1_15' title="bbox 430 2049 1358 2135; baseline -0.001 -24"><span class='ocrx_word' id='word_1_119' title='bbox 430 2059 566 2135; x_wconf 83' lang='lat' dir='ltr'><strong>tempore</strong></span> <span class='ocrx_word' id='word_1_120' title='bbox 589 2049 722 2135; x_wconf 80' lang='lat' dir='ltr'><strong>quisque</strong></span> <span class='ocrx_word' id='word_1_121' title='bbox 744 2071 802 2112; x_wconf 84' lang='lat' dir='ltr'><strong>suo</strong></span> <span class='ocrx_word' id='word_1_122' title='bbox 819 2049 974 2134; x_wconf 79' lang='lat' dir='ltr'><strong>fuudaus</strong></span> <span class='ocrx_word' id='word_1_123' title='bbox 994 2050 1057 2135; x_wconf 82' lang='lat' dir='ltr'><strong>pia</strong></span> <span class='ocrx_word' id='word_1_124' title='bbox 1081 2049 1200 2135; x_wconf 81' lang='lat' dir='ltr'><strong>templa</strong></span> <span class='ocrx_word' id='word_1_125' title='bbox 1218 2050 1358 2135; x_wconf 79' lang='lat' dir='ltr'><strong>patroni</strong></span> 
     </span>
     <span class='ocr_line' id='line_1_16' title="bbox 480 2151 1113 2240; baseline 0 -24"><span class='ocrx_word' id='word_1_126' title='bbox 480 2154 539 2216; x_wconf 83' lang='lat' dir='ltr'><strong>istc</strong></span> <span class='ocrx_word' id='word_1_127' title='bbox 562 2152 741 2240; x_wconf 75' lang='lat' dir='ltr'><strong>Augustini</strong></span> <span class='ocrx_word' id='word_1_128' title='bbox 764 2151 912 2216; x_wconf 78' lang='lat' dir='ltr'><strong>condidit</strong></span> <span class='ocrx_word' id='word_1_129' title='bbox 934 2153 992 2216; x_wconf 85' lang='lat' dir='ltr'><strong>iiie</strong></span> <span class='ocrx_word' id='word_1_130' title='bbox 1014 2155 1113 2217; x_wconf 81' lang='lat' dir='ltr'><strong>Petri.</strong></span> 
     </span>
    </p>
   </div>
   <div class='ocr_carea' id='block_1_5' title="bbox 285 2310 1460 4480">
    <p class='ocr_par' dir='ltr' id='par_1_5' title="bbox 324 2310 1460 2585">
     <span class='ocr_line' id='line_1_17' title="bbox 325 2310 1459 2395; baseline 0 -21"><span class='ocrx_word' id='word_1_131' title='bbox 325 2311 395 2374; x_wconf 92' lang='lat' dir='ltr'><strong>inde</strong></span> <span class='ocrx_word' id='word_1_132' title='bbox 418 2312 471 2375; x_wconf 81' lang='lat' dir='ltr'><strong>lux</strong></span> <span class='ocrx_word' id='word_1_133' title='bbox 498 2311 626 2376; x_wconf 87' lang='lat' dir='ltr'><strong>affertur</strong></span> <span class='ocrx_word' id='word_1_134' title='bbox 653 2313 805 2394; x_wconf 88' lang='lat' dir='ltr'><strong>epistulae</strong></span> <span class='ocrx_word' id='word_1_135' title='bbox 828 2310 934 2393; x_wconf 85' lang='lat'><strong>1164,</strong></span> <span class='ocrx_word' id='word_1_136' title='bbox 961 2313 993 2377; x_wconf 97' lang='lat' dir='ltr'><strong>in</strong></span> <span class='ocrx_word' id='word_1_137' title='bbox 1018 2332 1079 2395; x_wconf 86' lang='lat' dir='ltr'><strong>qua</strong></span> <span class='ocrx_word' id='word_1_138' title='bbox 1101 2314 1316 2377; x_wconf 88' lang='lat' dir='ltr'><strong>columnarum</strong></span> <span class='ocrx_word' id='word_1_139' title='bbox 1343 2311 1459 2375; x_wconf 91' lang='lat' dir='ltr'><strong>mentio</strong></span> 
     </span>
     <span class='ocr_line' id='line_1_18' title="bbox 324 2415 1460 2499; baseline -0.001 -21"><span class='ocrx_word' id='word_1_140' title='bbox 324 2415 373 2495; x_wconf 89' lang='lat' dir='ltr'><strong>fit,</strong></span> <span class='ocrx_word' id='word_1_141' title='bbox 405 2434 482 2497; x_wconf 90' lang='lat' dir='ltr'><strong>quas</strong></span> <span class='ocrx_word' id='word_1_142' title='bbox 514 2415 622 2480; x_wconf 80' lang='lat' dir='ltr'><strong>Clarus</strong></span> <span class='ocrx_word' id='word_1_143' title='bbox 654 2416 816 2499; x_wconf 89' lang='lat' dir='ltr'><strong>episcopus</strong></span> <span class='ocrx_word' id='word_1_144' title='bbox 847 2416 1140 2481; x_wconf 88' lang='lat' dir='ltr'><strong>subministraturus</strong></span> <span class='ocrx_word' id='word_1_145' title='bbox 1172 2419 1238 2480; x_wconf 87' lang='lat' dir='ltr'><strong>erat</strong></span> <span class='ocrx_word' id='word_1_146' title='bbox 1267 2416 1391 2480; x_wconf 88' lang='lat' dir='ltr'><strong>Ruricio</strong></span> <span class='ocrx_word' id='word_1_147' title='bbox 1421 2415 1460 2478; x_wconf 93' lang='lat' dir='ltr'><strong>ad</strong></span> 
     </span>
     <span class='ocr_line' id='line_1_19' title="bbox 324 2521 1068 2585; baseline 0.001 -2"><span class='ocrx_word' id='word_1_148' title='bbox 324 2521 406 2584; x_wconf 89' lang='lat' dir='ltr'><strong>illius</strong></span> <span class='ocrx_word' id='word_1_149' title='bbox 430 2521 578 2585; x_wconf 90' lang='lat' dir='ltr'><strong>ecclesiae</strong></span> <span class='ocrx_word' id='word_1_150' title='bbox 602 2521 844 2585; x_wconf 81' lang='lat' dir='ltr'><strong>exstructionem</strong></span> <span class='ocrx_word' id='word_1_151' title='bbox 868 2522 1068 2584; x_wconf 89' lang='lat' dir='ltr'><strong>necessarias.</strong></span> 
     </span>
    </p>

    <p class='ocr_par' dir='ltr' id='par_1_6' title="bbox 285 2623 1459 4480">
     <span class='ocr_line' id='line_1_20' title="bbox 285 2623 1458 2708; baseline 0 -22"><span class='ocrx_word' id='word_1_152' title='bbox 285 2673 287 2680; x_wconf 94' lang='lat'><em>.</em></span> <span class='ocrx_word' id='word_1_153' title='bbox 366 2623 479 2688; x_wconf 85' lang='lat' dir='ltr'><strong>Restat</strong></span> <span class='ocrx_word' id='word_1_154' title='bbox 501 2628 536 2688; x_wconf 92' lang='lat' dir='ltr'><strong>ut</strong></span> <span class='ocrx_word' id='word_1_155' title='bbox 559 2624 596 2688; x_wconf 92' lang='lat' dir='ltr'><strong>de</strong></span> <span class='ocrx_word' id='word_1_156' title='bbox 621 2624 664 2687; x_wconf 89' lang='lat' dir='ltr'><strong>eis</strong></span> <span class='ocrx_word' id='word_1_157' title='bbox 688 2641 787 2706; x_wconf 82' lang='lat' dir='ltr'><strong>pauca</strong></span> <span class='ocrx_word' id='word_1_158' title='bbox 809 2625 907 2688; x_wconf 87' lang='lat' dir='ltr'><strong>uerba</strong></span> <span class='ocrx_word' id='word_1_159' title='bbox 929 2625 1092 2704; x_wconf 88' lang='lat' dir='ltr'><strong>faciamus,</strong></span> <span class='ocrx_word' id='word_1_160' title='bbox 1117 2625 1169 2706; x_wconf 89' lang='lat' dir='ltr'><strong>qui</strong></span> <span class='ocrx_word' id='word_1_161' title='bbox 1191 2623 1385 2708; x_wconf 81' lang='lat' dir='ltr'><strong>cognationis</strong></span> <span class='ocrx_word' id='word_1_162' title='bbox 1408 2623 1458 2686; x_wconf 91' lang='lat' dir='ltr'><strong>uel</strong></span> 
     </span>
     <span class='ocr_line' id='line_1_21' title="bbox 325 2711 1459 2808; baseline -0.002 -16"><span class='ocrx_word' id='word_1_163' title='bbox 325 2726 485 2792; x_wconf 85' lang='lat' dir='ltr'><strong>affinitatis</strong></span> <span class='ocrx_word' id='word_1_164' title='bbox 509 2711 634 2792; x_wconf 88' lang='lat' dir='ltr'><strong>uinculo</strong></span> <span class='ocrx_word' id='word_1_165' title='bbox 658 2745 730 2791; x_wconf 90' lang='lat' dir='ltr'><strong>curn</strong></span> <span class='ocrx_word' id='word_1_166' title='bbox 745 2728 868 2792; x_wconf 89' lang='lat' dir='ltr'><strong>Ruricio</strong></span> <span class='ocrx_word' id='word_1_167' title='bbox 891 2729 989 2792; x_wconf 90' lang='lat' dir='ltr'><strong>iuncti</strong></span> <span class='ocrx_word' id='word_1_168' title='bbox 1013 2732 1108 2792; x_wconf 87' lang='lat' dir='ltr'><strong>erant.</strong></span> <span class='ocrx_word' id='word_1_169' title='bbox 1148 2747 1184 2792; x_wconf 89' lang='lat' dir='ltr'><strong>ac</strong></span> <span class='ocrx_word' id='word_1_170' title='bbox 1207 2729 1244 2791; x_wconf 92' lang='lat' dir='ltr'><strong>de</strong></span> <span class='ocrx_word' id='word_1_171' title='bbox 1259 2728 1371 2808; x_wconf 84' lang='lat' dir='ltr'><strong>iberia,</strong></span> <span class='ocrx_word' id='word_1_172' title='bbox 1395 2727 1459 2791; x_wconf 89' lang='lat' dir='ltr'><strong>filia</strong></span> 
     </span>
     <span class='ocr_line' id='line_1_22' title="bbox 324 2831 1456 2916; baseline -0.003 -20"><span class='ocrx_word' id='word_1_173' title='bbox 324 2831 472 2896; x_wconf 86' lang='lat' dir='ltr'><strong>Ommatii</strong></span> <span class='ocrx_word' id='word_1_174' title='bbox 505 2831 650 2913; x_wconf 90' lang='lat' dir='ltr'><strong>Aruerni,</strong></span> <span class='ocrx_word' id='word_1_175' title='bbox 685 2832 802 2896; x_wconf 90' lang='lat' dir='ltr'><strong>Rmicii</strong></span> <span class='ocrx_word' id='word_1_176' title='bbox 835 2851 928 2897; x_wconf 82' lang='lat' dir='ltr'><strong>uxore</strong></span> <span class='ocrx_word' id='word_1_177' title='bbox 962 2851 1057 2916; x_wconf 91' lang='lat' dir='ltr'><strong>supra</strong></span> <span class='ocrx_word' id='word_1_178' title='bbox 1090 2833 1153 2896; x_wconf 88' lang='lat' dir='ltr'><strong>iarn</strong></span> <span class='ocrx_word' id='word_1_179' title='bbox 1187 2831 1284 2896; x_wconf 87' lang='lat' dir='ltr'><strong>uerba</strong></span> <span class='ocrx_word' id='word_1_180' title='bbox 1317 2833 1456 2896; x_wconf 84' lang='lat' dir='ltr'><strong>fecimus</strong></span> 
     </span>
     <span class='ocr_line' id='line_1_23' title="bbox 322 2935 1457 3020; baseline -0.002 -20"><span class='ocrx_word' id='word_1_181' title='bbox 322 2936 436 3001; x_wconf 90' lang='lat' dir='ltr'><strong>liberos</strong></span> <span class='ocrx_word' id='word_1_182' title='bbox 461 2954 498 3000; x_wconf 90' lang='lat' dir='ltr'><strong>ea</strong></span> <span class='ocrx_word' id='word_1_183' title='bbox 520 2956 556 3000; x_wconf 83' lang='lat' dir='ltr'><strong>ex</strong></span> <span class='ocrx_word' id='word_1_184' title='bbox 578 2936 702 3001; x_wconf 87' lang='lat' dir='ltr'><strong>Ruricio</strong></span> <span class='ocrx_word' id='word_1_185' title='bbox 725 2937 853 3020; x_wconf 87' lang='lat' dir='ltr'><strong>peperit,</strong></span> <span class='ocrx_word' id='word_1_186' title='bbox 881 2937 983 3019; x_wconf 89' lang='lat' dir='ltr'><strong>quoad</strong></span> <span class='ocrx_word' id='word_1_187' title='bbox 1005 2937 1140 3000; x_wconf 86' lang='lat' dir='ltr'><strong>sciamus</strong></span> <span class='ocrx_word' id='word_1_188' title='bbox 1165 2955 1201 3000; x_wconf 85' lang='lat' dir='ltr'><strong>ex</strong></span> <span class='ocrx_word' id='word_1_189' title='bbox 1229 2937 1370 3019; x_wconf 90' lang='lat' dir='ltr'><strong>epistulis</strong></span> <span class='ocrx_word' id='word_1_190' title='bbox 1393 2935 1457 2999; x_wconf 91' lang='lat' dir='ltr'><strong>Ru-</strong></span> 
     </span>
     <span class='ocr_line' id='line_1_24' title="bbox 322 3039 1457 3123; baseline -0.001 -19"><span class='ocrx_word' id='word_1_191' title='bbox 322 3041 456 3122; x_wconf 89' lang='lat' dir='ltr'><strong>rieienis,</strong></span> <span class='ocrx_word' id='word_1_192' title='bbox 480 3039 682 3120; x_wconf 79' lang='lat' dir='ltr'><strong>Ommatium,</strong></span> <span class='ocrx_word' id='word_1_193' title='bbox 706 3041 903 3123; x_wconf 81' lang='lat' dir='ltr'><strong>Eparohium,</strong></span> <span class='ocrx_word' id='word_1_194' title='bbox 921 3040 1150 3121; x_wconf 80' lang='lat' dir='ltr'><strong>Constantium,</strong></span> <span class='ocrx_word' id='word_1_195' title='bbox 1167 3040 1341 3120; x_wconf 88' lang='lat' dir='ltr'><strong>Leontium,</strong></span> <span class='ocrx_word' id='word_1_196' title='bbox 1357 3039 1457 3103; x_wconf 91' lang='lat' dir='ltr'><strong>Aure·</strong></span> 
     </span>
     <span class='ocr_line' id='line_1_25' title="bbox 321 3143 1457 3228; baseline -0.002 -20"><span class='ocrx_word' id='word_1_197' title='bbox 321 3145 441 3209; x_wconf 91' lang='lat' dir='ltr'><strong>liannm</strong></span> <span class='ocrx_word' id='word_1_198' title='bbox 463 3143 631 3226; x_wconf 88' lang='lat' dir='ltr'><strong>filiamque,</strong></span> <span class='ocrx_word' id='word_1_199' title='bbox 655 3163 734 3226; x_wconf 91' lang='lat' dir='ltr'><strong>quae</strong></span> <span class='ocrx_word' id='word_1_200' title='bbox 758 3145 862 3227; x_wconf 90' lang='lat' dir='ltr'><strong>nupsit</strong></span> <span class='ocrx_word' id='word_1_201' title='bbox 885 3145 1058 3228; x_wconf 86' lang='lat' dir='ltr'><strong>Agricolae.</strong></span> <span class='ocrx_word' id='word_1_202' title='bbox 1098 3148 1190 3227; x_wconf 87' lang='lat' dir='ltr'><strong>atque</strong></span> <span class='ocrx_word' id='word_1_203' title='bbox 1210 3143 1395 3224; x_wconf 85' lang='lat' dir='ltr'><strong>Ommatius,</strong></span> <span class='ocrx_word' id='word_1_204' title='bbox 1419 3143 1457 3207; x_wconf 89' lang='lat' dir='ltr'><strong>ad</strong></span> 
     </span>
     <span class='ocr_line' id='line_1_26' title="bbox 322 3247 1457 3332; baseline -0.004 -20"><span class='ocrx_word' id='word_1_205' title='bbox 322 3267 415 3332; x_wconf 89' lang='lat' dir='ltr'><strong>quern</strong></span> <span class='ocrx_word' id='word_1_206' title='bbox 442 3249 527 3314; x_wconf 89' lang='lat' dir='ltr'><strong>dedit</strong></span> <span class='ocrx_word' id='word_1_207' title='bbox 550 3249 692 3313; x_wconf 91' lang='lat' dir='ltr'><strong>Ruricius</strong></span> <span class='ocrx_word' id='word_1_208' title='bbox 716 3249 867 3332; x_wconf 89' lang='lat' dir='ltr'><strong>epistulas</strong></span> <span class='ocrx_word' id='word_1_209' title='bbox 891 3249 906 3312; x_wconf 92' lang='lat' dir='ltr'><strong>I</strong></span> <span class='ocrx_word' id='word_1_210' title='bbox 931 3247 970 3311; x_wconf 87' lang='grc'><strong>18</strong></span> <span class='ocrx_word' id='word_1_211' title='bbox 994 3253 1025 3314; x_wconf 93' lang='lat' dir='ltr'><strong>et</strong></span> <span class='ocrx_word' id='word_1_212' title='bbox 1047 3250 1079 3313; x_wconf 92' lang='grc' dir='ltr'><strong>ΙΙ</strong></span> <span class='ocrx_word' id='word_1_213' title='bbox 1102 3247 1153 3330; x_wconf 86' lang='grc'>28,</span> <span class='ocrx_word' id='word_1_214' title='bbox 1182 3267 1336 3332; x_wconf 90' lang='lat' dir='ltr'><strong>quemque</strong></span> <span class='ocrx_word' id='word_1_215' title='bbox 1359 3256 1457 3332; x_wconf 81' lang='lat' dir='ltr'><strong>puter</strong></span> 
     </span>
     <span class='ocr_line' id='line_1_27' title="bbox 322 3351 1456 3438; baseline -0.002 -23"><span class='ocrx_word' id='word_1_216' title='bbox 322 3351 457 3430; x_wconf 80' lang='lat' dir='ltr'><strong>erudiit,</strong></span> <span class='ocrx_word' id='word_1_217' title='bbox 481 3352 637 3429; x_wconf 82' lang='lat' dir='ltr'><strong>nutriuit,</strong></span> <span class='ocrx_word' id='word_1_218' title='bbox 661 3351 706 3414; x_wconf 87' lang='lat' dir='ltr'><strong>ud</strong></span> <span class='ocrx_word' id='word_1_219' title='bbox 721 3351 938 3416; x_wconf 74' lang='lat' dir='ltr'><strong>sacerdotium</strong></span> <span class='ocrx_word' id='word_1_220' title='bbox 953 3375 1053 3438; x_wconf 79' lang='lat' dir='ltr'><strong>usque</strong></span> <span class='ocrx_word' id='word_1_221' title='bbox 1066 3351 1226 3438; x_wconf 80' lang='lat' dir='ltr'><strong>perducit</strong></span> <span class='ocrx_word' id='word_1_222' title='bbox 1242 3353 1284 3436; x_wconf 86' lang='lat' dir='ltr'><strong>(p.</strong></span> <span class='ocrx_word' id='word_1_223' title='bbox 1301 3351 1375 3433; x_wconf 92' lang='grc'>412,</span> <span class='ocrx_word' id='word_1_224' title='bbox 1390 3351 1456 3435; x_wconf 93' lang='grc'>21),</span> 
     </span>
     <span class='ocr_line' id='line_1_28' title="bbox 321 3456 1455 3538; baseline 0 -18"><span class='ocrx_word' id='word_1_225' title='bbox 321 3458 353 3520; x_wconf 96' lang='lat' dir='ltr'><strong>in</strong></span> <span class='ocrx_word' id='word_1_226' title='bbox 383 3458 515 3521; x_wconf 88' lang='lat' dir='ltr'><strong>dioecesi</strong></span> <span class='ocrx_word' id='word_1_227' title='bbox 538 3456 681 3521; x_wconf 86' lang='lat' dir='ltr'><strong>Aruerna</strong></span> <span class='ocrx_word' id='word_1_228' title='bbox 710 3458 796 3538; x_wconf 82' lang='lat' dir='ltr'><strong>uixit,</strong></span> <span class='ocrx_word' id='word_1_229' title='bbox 827 3457 909 3522; x_wconf 92' lang='lat' dir='ltr'><strong>unde</strong></span> <span class='ocrx_word' id='word_1_230' title='bbox 938 3477 1010 3522; x_wconf 93' lang='lat' dir='ltr'><strong>eum</strong></span> <span class='ocrx_word' id='word_1_231' title='bbox 1037 3457 1244 3522; x_wconf 82' lang='lat' dir='ltr'><strong>‘senatoribus</strong></span> <span class='ocrx_word' id='word_1_232' title='bbox 1273 3456 1455 3538; x_wconf 88' lang='lat' dir='ltr'><strong>ciuibusque</strong></span> 
     </span>
     <span class='ocr_line' id='line_1_29' title="bbox 321 3559 1457 3645; baseline -0.001 -20"><span class='ocrx_word' id='word_1_233' title='bbox 321 3559 482 3626; x_wconf 87' lang='lat' dir='ltr'><strong>Aruernis&#39;</strong></span> <span class='ocrx_word' id='word_1_234' title='bbox 498 3561 624 3625; x_wconf 86' lang='lat' dir='ltr'><strong>ascribit</strong></span> <span class='ocrx_word' id='word_1_235' title='bbox 636 3559 802 3645; x_wconf 79' lang='lat' dir='ltr'><strong>Gregorius</strong></span> <span class='ocrx_word' id='word_1_236' title='bbox 815 3561 1004 3626; x_wconf 82' lang='lat' dir='ltr'><strong>Turonensis</strong></span> <span class='ocrx_word' id='word_1_237' title='bbox 1021 3561 1107 3644; x_wconf 86' lang='lat' dir='ltr'><strong>(hist.</strong></span> <span class='ocrx_word' id='word_1_238' title='bbox 1121 3562 1170 3626; x_wconf 78' lang='lat' dir='ltr'><strong>u.</strong></span> <span class='ocrx_word' id='word_1_239' title='bbox 1183 3562 1212 3626; x_wconf 90' lang='lat' dir='ltr'>X</span> <span class='ocrx_word' id='word_1_240' title='bbox 1227 3561 1293 3645; x_wconf 94' lang='grc'>31),</span> <span class='ocrx_word' id='word_1_241' title='bbox 1306 3565 1337 3625; x_wconf 89' lang='lat' dir='ltr'><strong>et</strong></span> <span class='ocrx_word' id='word_1_242' title='bbox 1347 3565 1457 3643; x_wconf 88' lang='lat' dir='ltr'><strong>postea</strong></span> 
     </span>
     <span class='ocr_line' id='line_1_30' title="bbox 322 3664 1454 3750; baseline -0.001 -21"><span class='ocrx_word' id='word_1_243' title='bbox 322 3666 483 3749; x_wconf 89' lang='lat' dir='ltr'><strong>episcopus</strong></span> <span class='ocrx_word' id='word_1_244' title='bbox 512 3664 700 3730; x_wconf 83' lang='lat' dir='ltr'><strong>Turonensis</strong></span> <span class='ocrx_word' id='word_1_245' title='bbox 729 3665 831 3730; x_wconf 85' lang='lat' dir='ltr'><strong>lactus</strong></span> <span class='ocrx_word' id='word_1_246' title='bbox 859 3669 915 3730; x_wconf 90' lang='lat' dir='ltr'><strong>est.</strong></span> <span class='ocrx_word' id='word_1_247' title='bbox 955 3665 1034 3730; x_wconf 88' lang='lat' dir='ltr'><strong>alter</strong></span> <span class='ocrx_word' id='word_1_248' title='bbox 1060 3665 1142 3729; x_wconf 90' lang='lat' dir='ltr'><strong>filius</strong></span> <span class='ocrx_word' id='word_1_249' title='bbox 1165 3665 1335 3750; x_wconf 86' lang='lat' dir='ltr'><strong>Rparchius</strong></span> <span class='ocrx_word' id='word_1_250' title='bbox 1358 3683 1454 3747; x_wconf 88' lang='lat' dir='ltr'><strong>aeque</strong></span> 
     </span>
     <span class='ocr_line' id='line_1_31' title="bbox 320 3768 1454 3854; baseline -0.001 -20"><span class='ocrx_word' id='word_1_251' title='bbox 320 3773 414 3852; x_wconf 89' lang='lat' dir='ltr'><strong>atque</strong></span> <span class='ocrx_word' id='word_1_252' title='bbox 438 3768 615 3834; x_wconf 88' lang='lat' dir='ltr'><strong>Ommatius</strong></span> <span class='ocrx_word' id='word_1_253' title='bbox 647 3770 855 3834; x_wconf 91' lang='lat' dir='ltr'><strong>sacerdotium</strong></span> <span class='ocrx_word' id='word_1_254' title='bbox 886 3773 996 3835; x_wconf 88' lang='lat' dir='ltr'><strong>nactus</strong></span> <span class='ocrx_word' id='word_1_255' title='bbox 1024 3770 1173 3836; x_wconf 90' lang='lat' dir='ltr'><strong>Aruernis</strong></span> <span class='ocrx_word' id='word_1_256' title='bbox 1205 3771 1243 3834; x_wconf 89' lang='lat' dir='ltr'><strong>ab</strong></span> <span class='ocrx_word' id='word_1_257' title='bbox 1273 3769 1454 3854; x_wconf 85' lang='lat' dir='ltr'><strong>Aprunculo</strong></span> 
     </span>
     <span class='ocr_line' id='line_1_32' title="bbox 321 3871 1453 3958; baseline -0.003 -20"><span class='ocrx_word' id='word_1_258' title='bbox 321 3875 463 3957; x_wconf 91' lang='lat' dir='ltr'><strong>episcopo</strong></span> <span class='ocrx_word' id='word_1_259' title='bbox 486 3891 541 3937; x_wconf 88' lang='lat' dir='ltr'><strong>suo</strong></span> <span class='ocrx_word' id='word_1_260' title='bbox 566 3891 584 3936; x_wconf 87' lang='lat' dir='ltr'><strong>a</strong></span> <span class='ocrx_word' id='word_1_261' title='bbox 607 3877 706 3938; x_wconf 89' lang='lat' dir='ltr'><strong>matre</strong></span> <span class='ocrx_word' id='word_1_262' title='bbox 729 3873 809 3956; x_wconf 87' lang='lat' dir='ltr'><strong>(scil.</strong></span> <span class='ocrx_word' id='word_1_263' title='bbox 827 3873 970 3956; x_wconf 83' lang='lat' dir='ltr'><strong>ecclesia)</strong></span> <span class='ocrx_word' id='word_1_264' title='bbox 994 3875 1136 3938; x_wconf 83' lang='lat' dir='ltr'><strong>exclusus</strong></span> <span class='ocrx_word' id='word_1_265' title='bbox 1161 3878 1227 3939; x_wconf 88' lang='lat' dir='ltr'><strong>erat</strong></span> <span class='ocrx_word' id='word_1_266' title='bbox 1250 3874 1292 3958; x_wconf 92' lang='lat' dir='ltr'><strong>(p.</strong></span> <span class='ocrx_word' id='word_1_267' title='bbox 1309 3871 1383 3954; x_wconf 88' lang='grc'>438,</span> <span class='ocrx_word' id='word_1_268' title='bbox 1399 3871 1453 3954; x_wconf 86' lang='grc'><strong>22)</strong></span> 
     </span>
     <span class='ocr_line' id='line_1_33' title="bbox 320 3975 1453 4062; baseline -0.003 -21"><span class='ocrx_word' id='word_1_269' title='bbox 320 3981 351 4042; x_wconf 92' lang='lat' dir='ltr'><strong>et</strong></span> <span class='ocrx_word' id='word_1_270' title='bbox 366 3995 428 4042; x_wconf 89' lang='lat' dir='ltr'><strong>una</strong></span> <span class='ocrx_word' id='word_1_271' title='bbox 444 3995 515 4042; x_wconf 92' lang='lat' dir='ltr'><strong>cum</strong></span> <span class='ocrx_word' id='word_1_272' title='bbox 532 3976 688 4043; x_wconf 89' lang='lat' dir='ltr'><strong>Ommatio</strong></span> <span class='ocrx_word' id='word_1_273' title='bbox 703 3979 823 4042; x_wconf 87' lang='lat' dir='ltr'><strong>litteras</strong></span> <span class='ocrx_word' id='word_1_274' title='bbox 840 3978 926 4042; x_wconf 91' lang='lat' dir='ltr'><strong>misit</strong></span> <span class='ocrx_word' id='word_1_275' title='bbox 941 3979 980 4042; x_wconf 88' lang='lat' dir='ltr'><strong>ad</strong></span> <span class='ocrx_word' id='word_1_276' title='bbox 995 3982 1118 4062; x_wconf 91' lang='lat' dir='ltr'><strong>patrem</strong></span> <span class='ocrx_word' id='word_1_277' title='bbox 1134 3977 1177 4061; x_wconf 82' lang='lat' dir='ltr'><strong>(p.</strong></span> <span class='ocrx_word' id='word_1_278' title='bbox 1189 3977 1263 4059; x_wconf 77' lang='lat'><strong>437,</strong></span> <span class='ocrx_word' id='word_1_279' title='bbox 1277 3975 1306 4043; x_wconf 84' lang='grc'><strong>9.</strong></span> <span class='ocrx_word' id='word_1_280' title='bbox 1323 3975 1396 4059; x_wconf 85' lang='grc'>433,</span> <span class='ocrx_word' id='word_1_281' title='bbox 1411 3976 1453 4060; x_wconf 90' lang='grc'>1),</span> 
     </span>
     <span class='ocr_line' id='line_1_34' title="bbox 320 4081 1452 4166; baseline -0.003 -19"><span class='ocrx_word' id='word_1_282' title='bbox 320 4086 355 4147; x_wconf 93' lang='lat' dir='ltr'><strong>ut</strong></span> <span class='ocrx_word' id='word_1_283' title='bbox 384 4083 411 4147; x_wconf 93' lang='lat' dir='ltr'><strong>is</strong></span> <span class='ocrx_word' id='word_1_284' title='bbox 442 4082 628 4147; x_wconf 87' lang='lat' dir='ltr'><strong>intercessor</strong></span> <span class='ocrx_word' id='word_1_285' title='bbox 659 4083 820 4147; x_wconf 84' lang='lat' dir='ltr'><strong>exsisteret</strong></span> <span class='ocrx_word' id='word_1_286' title='bbox 850 4082 931 4165; x_wconf 87' lang='lat' dir='ltr'><strong>apud</strong></span> <span class='ocrx_word' id='word_1_287' title='bbox 961 4082 1188 4166; x_wconf 89' lang='lat' dir='ltr'><strong>Aprunculum.</strong></span> <span class='ocrx_word' id='word_1_288' title='bbox 1231 4083 1341 4146; x_wconf 90' lang='lat' dir='ltr'><strong>tertius</strong></span> <span class='ocrx_word' id='word_1_289' title='bbox 1371 4081 1452 4146; x_wconf 87' lang='lat' dir='ltr'><strong>filius</strong></span> 
     </span>
     <span class='ocr_line' id='line_1_35' title="bbox 320 4185 1452 4270; baseline -0.003 -18"><span class='ocrx_word' id='word_1_290' title='bbox 320 4185 529 4267; x_wconf 81' lang='lat' dir='ltr'><strong>constantius,</strong></span> <span class='ocrx_word' id='word_1_291' title='bbox 546 4187 585 4250; x_wconf 91' lang='lat' dir='ltr'><strong>ad</strong></span> <span class='ocrx_word' id='word_1_292' title='bbox 601 4205 694 4270; x_wconf 89' lang='lat' dir='ltr'><strong>quem</strong></span> <span class='ocrx_word' id='word_1_293' title='bbox 710 4186 795 4250; x_wconf 92' lang='lat' dir='ltr'><strong>dedit</strong></span> <span class='ocrx_word' id='word_1_294' title='bbox 809 4186 953 4252; x_wconf 91' lang='lat' dir='ltr'><strong>Ruricius</strong></span> <span class='ocrx_word' id='word_1_295' title='bbox 970 4187 1137 4269; x_wconf 88' lang='lat' dir='ltr'><strong>epistulam</strong></span> <span class='ocrx_word' id='word_1_296' title='bbox 1152 4188 1185 4251; x_wconf 93' lang='grc' dir='ltr'><strong>ΙΙ</strong></span> <span class='ocrx_word' id='word_1_297' title='bbox 1200 4185 1243 4250; x_wconf 89' lang='grc'><strong>24</strong></span> <span class='ocrx_word' id='word_1_298' title='bbox 1262 4186 1307 4267; x_wconf 90' lang='lat' dir='ltr'><strong>(et</strong></span> <span class='ocrx_word' id='word_1_299' title='bbox 1322 4187 1452 4250; x_wconf 88' lang='lat' dir='ltr'><strong>fortasse</strong></span> 
     </span>
     <span class='ocr_line' id='line_1_36' title="bbox 319 4287 1452 4377; baseline -0.003 -22"><span class='ocrx_word' id='word_1_300' title='bbox 319 4311 365 4375; x_wconf 90' lang='lat' dir='ltr'><strong>ep.</strong></span> <span class='ocrx_word' id='word_1_301' title='bbox 383 4291 415 4355; x_wconf 91' lang='grc' dir='ltr'>Π</span> <span class='ocrx_word' id='word_1_302' title='bbox 436 4289 503 4376; x_wconf 88' lang='grc'>43),</span> <span class='ocrx_word' id='word_1_303' title='bbox 533 4289 659 4355; x_wconf 77' lang='lat' dir='ltr'><strong>Baccho</strong></span> <span class='ocrx_word' id='word_1_304' title='bbox 690 4299 718 4354; x_wconf 85' lang='lat' dir='ltr'><strong>et</strong></span> <span class='ocrx_word' id='word_1_305' title='bbox 744 4289 939 4376; x_wconf 80' lang='lat' dir='ltr'><strong>puellarum</strong></span> <span class='ocrx_word' id='word_1_306' title='bbox 961 4291 1067 4356; x_wconf 78' lang='lat' dir='ltr'><strong>choris</strong></span> <span class='ocrx_word' id='word_1_307' title='bbox 1092 4289 1221 4355; x_wconf 82' lang='lat' dir='ltr'><strong>deditus</strong></span> <span class='ocrx_word' id='word_1_308' title='bbox 1249 4290 1291 4377; x_wconf 90' lang='lat' dir='ltr'><strong>(p</strong></span> <span class='ocrx_word' id='word_1_309' title='bbox 1307 4288 1382 4372; x_wconf 88' lang='grc'>409,</span> <span class='ocrx_word' id='word_1_310' title='bbox 1397 4287 1452 4373; x_wconf 89' lang='grc'><strong>22)</strong></span> 
     </span>
     <span class='ocr_line' id='line_1_37' title="bbox 318 4394 1452 4480; baseline -0.001 -19"><span class='ocrx_word' id='word_1_311' title='bbox 318 4394 462 4462; x_wconf 83' lang='lat' dir='ltr'><strong>Gurdone</strong></span> <span class='ocrx_word' id='word_1_312' title='bbox 485 4397 618 4461; x_wconf 85' lang='lat' dir='ltr'><strong>fortasse</strong></span> <span class='ocrx_word' id='word_1_313' title='bbox 642 4396 735 4480; x_wconf 91' lang='lat' dir='ltr'><strong>degit,</strong></span> <span class='ocrx_word' id='word_1_314' title='bbox 758 4397 840 4478; x_wconf 89' lang='lat' dir='ltr'><strong>quod</strong></span> <span class='ocrx_word' id='word_1_315' title='bbox 855 4397 968 4462; x_wconf 89' lang='lat' dir='ltr'><strong>Briuae</strong></span> <span class='ocrx_word' id='word_1_316' title='bbox 992 4397 1126 4462; x_wconf 87' lang='lat' dir='ltr'><strong>erastino</strong></span> <span class='ocrx_word' id='word_1_317' title='bbox 1147 4397 1316 4479; x_wconf 89' lang='lat' dir='ltr'><strong>temporius</strong></span> <span class='ocrx_word' id='word_1_318' title='bbox 1331 4395 1452 4460; x_wconf 87' lang='lat' dir='ltr'><strong>Ruricio</strong></span> 
     </span>
    </p>
   </div>
   <div class='ocr_carea' id='block_1_6' title="bbox 0 0 1664 5140">
    <p class='ocr_par' dir='ltr' id='par_1_7' title="bbox 0 0 1664 5140">
     <span class='ocr_line' id='line_1_38' title="bbox 0 0 1664 5140; baseline 0 4"><span class='ocrx_word' id='word_1_319' title='bbox 0 0 1664 5140; x_wconf 95' lang='lat' dir='ltr'><strong> </strong></span> 
     </span>
    </p>
   </div>
  </div>
 </body>
</html>
