3268 5142
327 495 392 562 322
766 495 831 552 ΙΠΙ,
850 496 959 550 Sermo
977 499 1019 552 24.

327 673 395 737 bire
418 673 562 754 coeperit,
586 671 800 737 humiliabitur
822 677 863 754 et,
885 674 939 754 qui
961 673 1113 756 superbus
1137 677 1194 754 est,
1217 674 1244 737 si
1266 691 1300 737 se
1315 673 1459 738 bumilia-

328 777 418 858 uerit‚
447 795 503 859 per
533 777 581 840 dei
612 776 855 841 misericordiam
883 777 1107 842 subleuabitur.
1145 781 1269 842 tautum
1296 781 1344 842 est
1366 778 1458 857 euim,

327 883 363 944 ut
385 899 418 944 se
441 898 503 945 nou
524 880 687 962 permittat
710 881 843 964 amplius
867 881 1034 945 durissimo
1057 881 1129 966 iugo
1158 881 1256 964 premi
1283 899 1341 946 nec
1364 881 1460 945 nimia

329 987 361 1048 et
390 984 563 1066 periculosa
592 983 840 1049 dissimulatione
870 985 901 1048 in
930 985 1067 1067 peccatis
1096 985 1325 1068 perseueraudo
1347 985 1458 1049 diutius

289 1113 302 1154 c
329 1087 483 1168 obdurari,
513 1088 568 1152 sed
598 1091 664 1153 tam
693 1089 754 1153 cito
784 1088 944 1173 confugiat
974 1088 1012 1153 ad
1041 1089 1192 1172 pietatem
1218 1089 1277 1170 dei,
1307 1093 1343 1153 ut
1368 1091 1400 1152 in
1429 1108 1458 1152 se

327 1192 445 1274 peccati
469 1192 638 1276 uestigium
661 1210 723 1257 uon
746 1193 910 1275 relinquat.
949 1193 1066 1276 optime
1088 1193 1196 1258 calidis
1224 1193 1324 1258 adbuc
1351 1194 1459 1258 uulne-

328 1296 413 1360 ribus
449 1296 607 1381 malagma
635 1297 687 1360 uel
718 1295 815 1360 fibula
848 1297 1027 1379 apponitur,
1063 1297 1149 1378 quia,
1185 1297 1212 1362 si
1246 1298 1335 1362 uelox
1369 1297 1460 1361 fuerit

329 1399 368 1464 ad
398 1400 564 1464 caelestem
595 1401 751 1465 medicum
779 1401 909 1465 intentio
931 1401 1122 1484 resurgendi,
1152 1401 1321 1485 uestigium
1344 1400 1458 1484 peccati

329 1521 390 1568 uon
420 1504 534 1588 poterit
563 1521 724 1569 remanere
757 1521 829 1568 cum
862 1505 960 1588 lapso,
994 1506 1068 1587 quia
1101 1504 1159 1570 sub
1193 1523 1288 1570 mauu
1321 1507 1459 1588 omnipo

278 1634 302 1672 ιο
328 1608 422 1672 tentis
452 1608 563 1672 medici
593 1609 643 1672 dei
672 1612 703 1673 et
732 1609 793 1673 cito
822 1608 904 1692 perit
933 1608 1061 1673 morbus
1094 1612 1126 1672 et
1156 1609 1304 1674 uelociter
1336 1612 1459 1681 sanatur

329 1715 483 1794 aegrotus.

372 1815 491 1880 Iterum
515 1818 606 1898 atque
628 1815 743 1879 iterum
765 1832 839 1899 rogo
860 1818 892 1880 et
911 1815 1073 1897 admoneo,
1096 1816 1219 1897 iratres,
1242 1811 1278 1881 uit
1297 1815 1459 1882 oboedien-

328 1920 405 1984 tiam
438 1923 470 1984 et
499 1919 712 1983 bumilitatem
742 1922 774 1983 et
803 1920 964 1984 caritatem
998 1937 1060 1984 nou
1094 1921 1196 1986 solum
1226 1921 1400 1985 senioribus
1430 1925 1459 1984 et

329 2021 557 2105 coaequalibus,
586 2022 640 2086 sed
668 2023 762 2087 etiam
789 2023 961 2088 iunioribus
989 2025 1132 2090 exhibere
1159 2025 1273 2108 iugiter
1300 2025 1458 2102 studeatis,

278 2151 302 2192 a
329 2127 410 2209 quia,
433 2125 590 2208 quaelibet
608 2125 690 2191 bona
712 2145 821 2191 seruus
842 2128 892 2191 dei
911 2127 1026 2192 habere
1045 2129 1248 2209 contenderit,
1269 2129 1375 2192 omnia
1393 2147 1459 2211 per·

329 2230 437 2294 niciter
459 2230 571 2313 perdit,
602 2230 629 2294 si
651 2231 684 2294 iu
707 2230 760 2295 illo
782 2231 942 2296 humilitas
966 2235 998 2296 et
1024 2231 1138 2296 caritas
1164 2250 1240 2296 uera
1267 2250 1328 2297 uon
1359 2232 1457 2296 fuerit.

329 2335 425 2399 nolite
449 2351 654 2414 murmurare,
685 2334 807 2416 iratres,
838 2335 989 2418 seriptum
1015 2339 1063 2400 est
1093 2337 1188 2417 enim,
1218 2336 1298 2419 quod
1322 2354 1459 2400 murmu-

329 2441 434 2503 rantes
457 2457 476 2503 a
498 2437 695 2521 serpentibus
717 2439 885 2520 perierunt.
924 2439 1020 2504 nolite
1043 2440 1213 2521 detrahere,
1236 2441 1361 2522 iratres,
1391 2440 1459 2522 quia

329 2543 481 2625 scriptum
513 2546 574 2607 est:
609 2543 672 2625 qui
702 2543 866 2607 detrabit
896 2543 1022 2624 fratri,
1054 2543 1319 2608 erudicabitur.
1368 2545 1457 2608 nolite

275 2671 301 2712 ro
326 2647 519 2712 iracundiam
550 2647 582 2710 in
611 2647 701 2711 corde
732 2665 867 2728 seruare,
897 2647 972 2730 quia
1001 2649 1151 2731 scriptum
1181 2651 1243 2712 est:
1277 2649 1334 2712 ira
1365 2648 1457 2711 enim

327 2751 399 2815 uiri
421 2751 607 2816 iustitiam
630 2750 689 2813 dei
715 2768 787 2815 uon
815 2755 998 2834 operatur.
1038 2752 1133 2816 nolite
1154 2770 1210 2816 uos
1233 2752 1370 2816 inuicem
1392 2751 1457 2815 edio

326 2854 441 2919 babere
471 2858 597 2938 propter
619 2854 705 2934 illud,
737 2855 818 2936 quod
841 2856 992 2938 scriptum
1016 2859 1076 2919 est:
1108 2855 1169 2938 qui
1201 2855 1279 2920 odit
1307 2856 1457 2920 fratrem

327 2975 448 3039 suum,
470 2958 656 3023 homicida
679 2962 745 3022 est.

370 3059 429 3126 Sed
458 3080 520 3126 neu
550 3080 628 3145 opus
659 3065 717 3143 est,
747 3065 784 3125 ut
815 3061 930 3126 diutius
961 3065 1103 3126 sanctam
1130 3062 1292 3126 caritatem
1322 3065 1457 3126 uestram

275 3193 301 3232 a
327 3165 429 3230 uerbis
453 3166 628 3247 doceamus
653 3166 735 3248 quod
757 3183 813 3230 uos
837 3167 876 3231 ad
892 3165 1007 3231 chriso
1022 3167 1155 3250 gloriam
1170 3165 1316 3248 operibus
1333 3167 1457 3249 implere

327 3274 359 3334 et
381 3271 597 3354 cognoscimus
626 3273 659 3334 et
684 3270 867 3354 gaudemus.
907 3271 965 3335 boc
988 3271 1089 3335 solum
1113 3271 1287 3352 specialiter
1313 3271 1457 3354 petimus,

326 3377 370 3455 ut,
393 3375 467 3456 quia
493 3393 549 3439 uos
577 3374 652 3438 deus
676 3375 835 3438 inlocum
861 3374 973 3456 quietis
997 3377 1029 3438 et
1052 3373 1287 3457 tranquillitatis
1310 3375 1456 3438 collocare

326 3479 471 3562 dignatus
495 3482 552 3558 est,
575 3497 630 3561 pro
654 3477 755 3557 nobis,
778 3496 855 3560 quos
879 3479 994 3542 saeculi
1017 3478 1108 3542 istius
1132 3481 1336 3561 tempestates
1358 3483 1392 3542 et
1414 3479 1457 3541 in·

326 3581 537 3648 numerabiles
560 3581 672 3646 fluctus
696 3581 851 3665 affligunt,
882 3582 1091 3646 abundantius
1118 3583 1244 3647 domiuo
1268 3582 1456 3663 supplicetis,

274 3711 300 3751 ro
326 3691 371 3767 ut,
403 3687 428 3750 si
459 3686 558 3767 nobis,
589 3687 745 3767 quianon
769 3705 935 3766 meremm,
966 3687 1066 3769 gloria
1092 3705 1154 3751 non
1182 3686 1316 3766 dabitur,
1347 3687 1455 3750 saltem

328 3791 417 3857 uobis
440 3791 602 3856 orantibus
625 3794 822 3873 peccatorum
845 3791 938 3854 uenia
959 3789 1124 3854 tribuatur.
1162 3789 1275 3854 Amen.

431 4032 474 4102 12]
492 4031 574 4087 Num.
587 4033 629 4096 21,
642 4034 666 4088 6.
705 4031 749 4102 19]
767 4031 820 4085 Iac.
833 4035 858 4096 4,
872 4033 911 4086 11.
947 4031 993 4101 20]
1013 4031 1151 4096 lac.l,20.
1188 4031 1234 4101 22]
1255 4031 1455 4095 lIoann.3‚15.

370 4257 588 4313 lbumilieuerit
604 4276 628 4326 o,
646 4257 773 4312 humiliat
790 4259 854 4312 rua
918 4258 1023 4312 2enim
1041 4257 1175 4314 emmae
1246 4261 1278 4314 lo
1296 4258 1339 4312 dei
1356 4275 1404 4313 om.
1420 4257 1456 4312 cb

327 4347 359 4400 15
377 4344 514 4398 contendit
531 4347 592 4399 eto
645 4348 676 4400 l'l
689 4344 990 4414 scriptum—quiaudd
1003 4347 1043 4399 13²
1058 4347 1089 4399 in
1101 4363 1185 4414 marg.
1238 4347 1355 4401 20enim
1368 4363 1416 4401 oro.
1429 4345 1455 4398 A

326 4433 360 4486 24
377 4427 419 4485 est'
435 4447 500 4502 opus
519 4433 547 4485 A
599 4433 633 4487 25
651 4432 714 4499 quia
731 4432 758 4486 A
810 4432 845 4486 30
863 4431 907 4498 qui
928 4431 967 4486 Oo
