3268 5142
342 479 407 544 324
782 480 846 534 ΠΙΙ.
866 481 974 535 Sermo
992 485 1034 538 25.

341 655 424 718 dare.
471 655 497 718 si
528 654 719 737 possibilitas
750 674 811 719 non
839 657 930 720 luerit
959 657 1126 736 ieiunandi,
1158 658 1328 742 elimosyna
1359 661 1465 725 suffieit

340 758 400 823 sibi
433 759 501 824 sine
531 759 655 838 ieiunio,
685 760 834 824 ieiunium
861 779 935 825 uero
963 762 1030 825 sine
1057 763 1228 846 elimosyna
1254 765 1382 828 omnino
1411 784 1464 829 non

340 862 464 928 sufficit
499 882 572 948 ergo
595 863 621 928 si
644 865 755 946 aliquis
780 882 840 928 non
865 869 968 948 potest
991 866 1139 946 ieiunare,
1163 867 1333 951 elimosyna
1357 868 1465 951 absque

339 969 453 1033 ieiunio
475 967 592 1033 bonum
615 973 671 1033 est
696 969 722 1032 si
745 987 820 1033 uero
841 970 1001 1051 praeualet
1023 970 1173 1034 ieiunium
1196 989 1268 1036 oum
1291 972 1464 1056 elimosyna,

299 1099 312 1138 ⁵
339 1074 452 1158 duplex
466 1073 584 1138 bonum
599 1077 657 1153 est,
680 1075 843 1154 <ieiunium
859 1091 933 1138 uero
948 1074 1016 1138 sine
1031 1075 1204 1158 elimosyna
1218 1076 1339 1140 nullum
1354 1077 1464 1141 bonum

338 1178 410 1262 est),
438 1177 498 1241 nisi
520 1177 599 1242 torte
622 1178 665 1241 ite
688 1179 728 1241 sit
750 1179 862 1259 aliquis
889 1196 1016 1262 pauper,
1043 1183 1079 1242 ut
1106 1197 1167 1242 non
1195 1179 1309 1244 habeat
1334 1183 1464 1262 omniuo,

337 1282 418 1364 qnod
441 1281 568 1346 tribuat.
614 1281 677 1346 illis
704 1301 788 1366 ergo,
819 1282 872 1364 qui
896 1301 957 1346 non
980 1282 1156 1363 habuerint,
1187 1284 1268 1348 unde
1290 1285 1464 1366 retribuere,

337 1386 453 1451 sufficit
488 1386 635 1450 uoluntas
668 1384 750 1450 bona
783 1387 955 1450 secundnm
984 1387 1076 1467 illud,
1110 1387 1192 1469 quod
1222 1389 1374 1472 seriptum
1405 1393 1463 1454 est:

335 1491 455 1576 gloria
477 1491 513 1555 in
536 1491 695 1554 excelsis
718 1491 785 1555 deo
808 1491 896 1554 etin
919 1495 1019 1556 terra
1041 1510 1109 1575 pax
1123 1492 1337 1557 hominibus
1353 1493 1462 1558 bonae

284 1623 309 1662 ιο
336 1597 553 1660 uoluntatis.

379 1700 438 1764 Sed
458 1701 528 1784 quis
554 1701 623 1780 erit,
646 1699 698 1782 qui
721 1719 755 1764 se
779 1701 878 1783 possit
902 1717 1059 1780 excusare,
1081 1719 1154 1764 cum
1176 1701 1271 1765 etiam
1294 1720 1351 1785 pro
1374 1703 1463 1767 ealioe

333 1823 433 1888 aquae
462 1805 592 1888 frigidae
622 1804 798 1868 mercedem
831 1823 865 1868 se
895 1804 1038 1869 dominus
1072 1805 1264 1870 redditurum
1299 1825 1369 1870 esse
1399 1826 1462 1889 pro

334 1909 473 1973 miserit?
518 1913 548 1973 et
571 1926 667 1990 qnare
690 1909 820 1992 trigidae
844 1909 941 1972 dixit?
986 1929 1025 1973 ne
1052 1908 1130 1972 torte
1160 1927 1193 1972 se
1220 1915 1328 1992 posset
1357 1912 1461 1993 aliquis

331 2032 450 2098 pauper
471 2013 509 2076 de
531 2013 687 2097 lignorum
710 2015 839 2098 muntia
861 2031 1008 2078 excusare
1030 2017 1085 2077 aut
1107 2017 1189 2077 certe
1204 2013 1317 2088 dixerit
1339 2035 1374 2080 ee
1396 2034 1462 2080 uae-

280 2145 305 2184 re
332 2119 448 2198 culum,
478 2117 531 2182 nbi
562 2135 676 2200 aquarn
706 2119 900 2198 calefaceret,
931 2136 992 2182 non
1019 2116 1143 2182 habere.
1189 2119 1322 2201 denique
1353 2125 1385 2185 et
1411 2139 1461 2203 per

330 2221 458 2287 beatum
481 2221 677 2306 prophetam,
705 2223 817 2286 hatres
840 2222 1003 2302 carissimi,
1031 2222 1174 2286 dominus
1200 2223 1244 2287 ita
1266 2224 1410 2288 hortatur
1434 2227 1462 2287 et

329 2327 477 2392 admonet
500 2327 706 2410 elimosynam
729 2326 806 2406 lieri,
829 2331 863 2390 ut
886 2345 984 2410 paene
1007 2327 1112 2390 nullus
1134 2345 1252 2410 pauper
1274 2329 1327 2408 sit,
1357 2329 1460 2410 quise

329 2433 434 2498 ualeat
463 2449 619 2496 excusare.
664 2431 709 2494 sic
743 2432 827 2495 enim
857 2431 916 2494 ait:
950 2431 1016 2495 hoc
1051 2434 1107 2494 est
1139 2431 1338 2512 ieiunium,
1371 2431 1460 2514 quod

328 2537 440 2622 elegi,
475 2536 564 2600 dicit
596 2535 781 2600 dominus:
816 2535 946 2619 frange
976 2535 1158 2598 esurienti
1187 2553 1320 2618 panem
1352 2540 1459 2600 tuum.

276 2669 302 2708 ro
329 2659 390 2707 nou
413 2641 499 2722 dixit,
523 2645 558 2704 ut
580 2639 738 2724 integrum
754 2641 851 2720 daret,
874 2657 946 2704 oum
967 2640 1045 2704 torte
1066 2658 1184 2722 pauper
1206 2639 1259 2703 ille
1282 2641 1380 2705 alium
1403 2659 1460 2704 non

327 2746 467 2826 haberet,
491 2745 545 2810 sed
569 2745 688 2829 frange,
716 2745 828 2828 inquit,
856 2744 914 2808 hoc
937 2749 985 2808 est
1007 2743 1122 2808 dicere:
1150 2744 1272 2808 etiamsi
1294 2744 1356 2808 tibi
1377 2749 1461 2809 tanta

326 2854 494 2934 paupertas
517 2853 575 2930 est,
597 2853 633 2913 ut
656 2867 717 2913 non
738 2848 855 2913 habeas
878 2849 938 2912 nisi
961 2867 1057 2912 unum
1073 2865 1197 2931 panem,
1221 2867 1257 2911 ex
1272 2849 1343 2932 ipso
1359 2853 1460 2914 tamen

325 2955 434 3038 lrange
457 2959 489 3018 et
510 2954 639 3038 pauperi
662 2953 772 3019 tribue.
812 2957 848 3017 et
871 2971 1036 3037 egenum,
1059 2953 1170 3034 iuquit,
1193 2970 1234 3016 ao
1256 2953 1340 3017 sine
1363 2958 1459 3018 teoto

325 3058 436 3122 induc
463 3060 499 3123 in
527 3058 671 3124 domum
699 3063 811 3123 tuam.
856 3058 884 3121 si
906 3058 1020 3139 aliquis
1042 3057 1086 3122 ita
1107 3075 1226 3140 pauper
1248 3061 1308 3137 est,
1341 3063 1458 3122 utnon

272 3188 298 3225 ,ε
324 3163 450 3244 habeat,
472 3163 554 3228 unde
578 3163 694 3228 tribuat
717 3163 845 3246 pauperi
868 3162 983 3240 eibum,
1006 3162 1056 3225 nel
1079 3162 1110 3225 in
1133 3179 1195 3226 uno
1217 3161 1334 3245 angulo
1351 3164 1458 3228 domus

324 3285 399 3331 suae
422 3267 585 3352 peregrino
607 3271 769 3351 praeparet
794 3267 952 3330 lectulum.

367 3369 447 3450 Quid
471 3389 527 3436 nos
550 3371 589 3435 ad
612 3371 688 3436 haec
710 3371 822 3435 dicturi
843 3389 964 3450 sumus,
987 3371 1109 3449 fratres,
1139 3370 1189 3434 uel
1212 3387 1306 3451 quam
1331 3388 1458 3435 excusa·

324 3474 442 3539 tionem
474 3474 589 3539 habere
623 3475 809 3558 poterimus,
847 3475 900 3559 qui
937 3475 1058 3557 amplas
1097 3477 1128 3537 et
1161 3474 1314 3556 spatiosas
1349 3475 1457 3539 domos
1588 3509 1589 3552 r

322 3578 474 3643 habentes
502 3579 552 3642 uix
580 3579 746 3662 aliquando
773 3580 940 3663 dignamur
967 3579 1106 3661 excipere
1136 3577 1337 3661 peregrinum
1368 3579 1458 3662 igno-

268 3707 296 3746 ao
321 3687 437 3764 ranteS,
460 3683 557 3748 immo
581 3701 643 3748 non
665 3684 838 3764 credentes
861 3683 943 3766 quod
966 3683 998 3746 in
1018 3682 1164 3746 omnibus
1178 3683 1350 3766 peregrinis
1367 3683 1459 3748 Chri·

358 3859 362 3866 ’
423 3889 626 3960 moneare.
682 3889 905 3959 tolosates.
959 3888 1186 3958 uslausei.

363 4078 557 4136 lhelemosine
575 4083 604 4136 P
661 4081 860 4153 2helemosina
878 4081 906 4134 P
965 4079 1163 4136 3helemosina
1180 4081 1208 4134 P
1267 4079 1381 4152 absque]
1400 4083 1457 4136 sine

318 4167 391 4237 Aap.
452 4167 648 4221 thelemosina
666 4169 694 4222 P
753 4166 1051 4223 5ieiuninm-bonum
1069 4171 1109 4220 est
1127 4168 1209 4238 dap,
1225 4168 1318 4223 omP
1381 4169 1455 4224 uim

318 4256 389 4323 Aug.
442 4252 648 4324 habueritAap.
702 4253 858 4323 retribuere]
870 4253 972 4308 tribuat
984 4257 1055 4325 Aug.
1105 4255 1137 4310 13
1149 4253 1216 4308 dixit
1227 4257 1309 4325 Aeg,
1321 4254 1458 4310 dixeritP

320 4343 352 4395 14
364 4343 433 4392 certe
452 4337 559 4408 dixerit]
577 4341 663 4395 dieere
682 4343 753 4412 Aeg.
807 4344 840 4397 lo
857 4345 962 4395 ortatm
979 4343 1007 4395 P
1060 4345 1091 4398 17
1109 4341 1285 4395 ammonetP
1336 4342 1455 4397 helemo-

317 4425 403 4478 sinam
422 4427 449 4480 P
499 4441 581 4494 prope
598 4429 669 4499 Aap.
722 4426 915 4496 elinquit?
963 4429 998 4482 28
1015 4427 1108 4496 inquid
1128 4428 1156 4482 P
