3320 5140
346 467 464 522 XXVIII
793 467 1036 536 Prolegomoua.

348 649 447 708 torum
480 643 638 707 sententia
667 644 697 706 in
730 641 887 706 codicibus
914 659 988 726 prae
1016 661 1049 706 se
1073 643 1186 722 ferunt,
1214 646 1320 706 tamen
1348 643 1483 724 corporis

346 750 395 813 uel
426 749 616 813 collectionis
649 748 747 811 instar
777 747 867 811 nobis
896 746 1003 811 traditi
1034 749 1122 826 sunt,
1153 765 1286 828 cumque
1316 766 1355 811 ne
1386 765 1483 811 unum

345 854 471 934 quidem
496 870 672 916 sermonem
701 871 736 915 311
759 851 797 914 113
821 851 937 915 Fausto
961 851 1054 915 certis
1083 852 1276 936 argumentis
1304 851 1483 930 abiudicari,

345 959 436 1041 longe
459 957 611 1040 plurimos
635 958 741 1020 autem
765 958 841 1020 satis
861 959 944 1020 certo
965 955 1132 1020 adiudIcari
1148 975 1238 1040 posse
1254 957 1483 1020 demonstrasse

346 1061 434 1127 nobis
458 1062 644 1140 uidercmur,
668 1064 767 1125 totam
791 1061 1006 1125 collectIonem
1023 1060 1139 1125 Fausto
1162 1060 1318 1125 uindicare
1342 1078 1404 1124 non
1427 1059 1483 1124 du·

345 1167 525 1236 bitauimus.
1451 1165 1455 1188 ¹

387 1272 504 1335 Eadem
532 1271 596 1334 fere
624 1270 864 1354 argumentandi
894 1271 945 1334 uia
972 1271 1019 1333 nsi
1046 1288 1157 1352 corpus
1185 1270 1263 1334 illud
1293 1287 1482 1350 sermonum,

345 1376 398 1458 qui
421 1376 547 1440 codice
571 1374 798 1438 Durlacensi
826 1374 916 1438 nobis
943 1376 1018 1438 satis
1041 1375 1177 1458 pretioso
1200 1375 1374 1455 traduntur,
1403 1375 1483 1439 Fau-

345 1481 483 1545 stianum
511 1499 579 1543 esse
611 1479 770 1542 edicimus.
809 1479 929 1543 accedit
958 1480 1040 1560 quod
1070 1480 1102 1544 in
1132 1479 1275 1563 gequnis
1307 1479 1482 1544 Faustianis

344 1584 547 1669 agnoscendIs
571 1584 699 1648 meliore
723 1582 903 1646 condicione
926 1601 1021 1664 quarn
1043 1584 1075 1647 in
1098 1584 1253 1666 plerisque
1270 1584 1338 1648 aliis
1354 1585 1483 1667 scripto-

344 1689 430 1754 ribus
457 1689 582 1753 utimur.
622 1705 814 1770 quamquam
842 1688 927 1751 enim
955 1687 1076 1752 dicendi
1103 1707 1202 1772 genus
1230 1689 1263 1752 in
1287 1687 1481 1752 sermonibus

343 1795 495 1858 usitatum
518 1793 666 1857 orationiS
690 1792 945 1875 proprietatibus,
972 1791 1085 1874 quibus
1109 1793 1240 1875 scriptor
1264 1793 1390 1876 agnosci
1411 1810 1482 1874 pos-

344 1900 394 1979 sit,
417 1899 602 1980 plerumque
630 1901 714 1961 caret
737 1915 838 1979 neque
862 1917 898 1960 er
920 1897 1053 1960 materia
1075 1900 1210 1960 tractata
1236 1897 1305 1979 ipsa
1327 1897 1387 1960 nisi
1414 1915 1483 1979 per-

343 2021 412 2068 raro
442 2002 612 2086 uestigium
644 2003 778 2066 auctoris
809 2001 1064 2084 deprehenditur,
1096 2000 1245 2081 Faustus,
1277 2019 1355 2083 quae
1386 2000 1482 2064 semel

344 2107 423 2170 beno
455 2107 575 2170 dixerat
604 2107 655 2170 uel
686 2106 764 2170 bene
788 2106 902 2169 dixisse
927 2104 986 2168 sibi
1008 2105 1095 2169 uisus
1119 2109 1177 2186 est,
1209 2105 1285 2169 adeo
1312 2105 1481 2184 adamauit,

342 2215 377 2275 nt
399 2213 512 2275 iterum
535 2214 627 2293 atquc
650 2212 764 2274 iterum
785 2213 950 2292 repeteret,
976 2228 1070 2292 quare
1086 2210 1190 2274 omnia
1206 2209 1315 2274 Fausti
1331 2229 1364 2272 se
1379 2209 1482 2290 ipsum

343 2315 546 2380 exscribentis
569 2333 664 2398 opera
685 2313 924 2397 repetitionibus
940 2318 1073 2394 scatent,
1096 2315 1128 2377 id
1143 2315 1224 2396 qnod
1238 2315 1270 2378 in
1287 2314 1482 2378 sermonibus

342 2421 540 2504 potissimum
565 2419 770 2503 agnoscendis
798 2419 914 2482 summi
941 2419 1093 2483 momenti
1120 2423 1168 2483 est
1192 2421 1223 2482 et
1246 2419 1345 2483 critici
1368 2437 1482 2482 munus

342 2527 426 2590 baud
450 2525 645 2590 mediocriter
668 2525 822 2588 subleuat.
862 2541 957 2605 quare
989 2524 1021 2587 in
1051 2524 1112 2588 illis
1141 2541 1261 2606 quoque
1285 2522 1481 2588 sermonibus

342 2630 529 2710 FaustianiS,
554 2629 606 2711 qui
631 2629 814 2712 singillatim
837 2628 918 2692 inter
938 2629 1015 2693 alias
1032 2629 1164 2692 aliorum
1181 2629 1366 2711 scriptorum
1383 2629 1482 2692 homi-

341 2736 398 2799 lias
423 2734 527 2798 tradIti
551 2737 634 2813 sunt,
659 2733 871 2796 examinandis
895 2733 1011 2797 maiore
1035 2733 1223 2798 confidentia
1250 2753 1344 2816 quam
1366 2734 1397 2796 in
1422 2733 1481 2796 alio

341 2839 490 2921 scriptore
507 2838 615 2901 Fausti
639 2838 745 2900 stilum
766 2837 956 2920 inuestigare
973 2840 1004 2900 ct
1020 2837 1151 2919 probaro
1166 2841 1357 2921 poteramus,
1380 2857 1482 2920 prae·

340 2943 470 3006 sertim
494 2961 574 3005 curn
599 2942 729 3006 Fausti
752 2944 881 3023 utpote
903 2961 943 3004 ex
964 2942 1169 3006 multorum
1190 2943 1381 3006 sententia
1399 2943 1481 3006 hac-

342 3047 452 3111 retici
475 3065 606 3110 nomen
630 3048 755 3128 potius
779 3046 946 3110 deletum
970 3064 1078 3128 quam
1105 3045 1271 3110 additum
1299 3065 1379 3110 esse
1408 3065 1481 3110 ser-

342 3151 513 3216 monibus
544 3151 604 3214 uix
635 3151 832 3232 quisquam
856 3150 1008 3214 infitias
1032 3150 1118 3214 ierit
1141 3154 1233 3231 atque
1261 3150 1480 3233 comprobetur

341 3260 371 3320 ct
393 3255 481 3319 libris
505 3255 542 3318 de
567 3255 677 3337 spiritu
702 3257 819 3335 sancto,
852 3255 905 3336 qui
934 3255 967 3319 in
995 3255 1139 3318 omnibus
1162 3259 1286 3336 praeter
1309 3274 1407 3318 unurn
1430 3273 1481 3319 co-

339 3359 459 3423 dicibus
476 3359 636 3423 Paschasii
653 3359 775 3423 diaconi
791 3359 917 3423 nomine
934 3359 1205 3440 circumferuntur,
1229 3365 1261 3424 et
1280 3361 1481 3424 homiliarum

339 3465 531 3543 collectIone,
556 3481 636 3546 quae
659 3463 797 3544 ldusebii,
820 3481 883 3526 non
906 3463 1015 3528 Fausti
1038 3463 1163 3528 nornine
1187 3465 1225 3528 ad
1248 3483 1304 3528 nos
1328 3465 1479 3548 peruenit.

339 3569 464 3650 itaque
487 3567 617 3631 Fausti
648 3586 779 3632 nomen
811 3567 924 3632 toties
955 3587 973 3631 a
1002 3567 1171 3632 librariis
1199 3569 1356 3633 consilio
1384 3569 1479 3633 dele-

339 3677 417 3737 turn
443 3672 622 3736 homiIIae
649 3672 794 3736 cuidam
822 3673 860 3736 in
887 3672 1078 3737 codicibus
1105 3674 1381 3757 praescriptum
1408 3692 1479 3738 ma-

337 3779 450 3842 iorem
472 3777 742 3841 auctoritatem
764 3776 902 3841 habere
924 3795 1031 3859 quam
1047 3777 1253 3861 Augustini
1272 3797 1420 3858 nomen,
1440 3783 1478 3842 ut

338 3883 404 3946 hoc
435 3881 603 3962 exemplo
634 3885 733 3962 utar,
765 3883 879 3946 toties
910 3901 928 3946 a
957 3881 1128 3946 librariis
1155 3883 1367 3948 adamatum
1390 3883 1479 3946 mihi

336 4003 558 4068 persuasum
582 3989 647 4050 est.
687 3987 741 4050 sed
764 3986 842 4050 baec
865 3986 923 4051 hoc
946 3986 1013 4050 loco
1037 3986 1074 4049 dc
1094 3987 1290 4052 sermonibus
1307 3987 1477 4062 sufficiant3

338 4091 468 4172 reliqua,
492 4109 564 4152 cum
588 4091 625 4154 de
648 4093 751 4155 textas
776 4091 847 4154 crisi
870 4109 1010 4174 agemus,
1035 4089 1190 4156 dabimus.

380 4193 502 4274 Restat,
526 4197 562 4258 ut
585 4194 622 4258 dc
646 4195 833 4276 quibusdam
857 4195 927 4258 aliis
951 4195 1075 4278 scriptis
1098 4196 1196 4261 uerba
1215 4196 1377 4276 faciamus,
1399 4213 1477 4277 quae

338 4298 398 4362 uiri
421 4298 503 4362 docti
526 4299 642 4363 Fausto
664 4299 822 4363 immerito
846 4299 1094 4366 uindicauernnt.
1134 4319 1170 4366 ac
1189 4301 1325 4383 primum
1341 4300 1477 4381 quidem,

337 4407 504 4484 antequam
529 4404 567 4467 ad
589 4403 712 4486 singula
727 4422 822 4486 opera
839 4406 1051 4470 enumeranda
1067 4406 1262 4486 accedamus,
1287 4405 1476 4468 monendum
