3244 5130
649 495 745 550 Liber
763 495 791 550 ll
809 499 833 551 4.
1249 495 1309 561 139

172 675 203 736 et
225 672 331 755 ponit
353 671 527 736 tenebras
550 671 751 737 latibulum
774 691 896 753 snum,
920 673 970 736 dai
985 673 1114 755 quidem
1130 677 1161 737 et
1175 673 1309 736 hominis

171 776 282 860 duplex
318 775 508 858 substantia,
544 776 598 841 sed
631 781 740 841 tamen
772 795 835 842 nna
868 795 1001 861 persona
1037 781 1094 842 est.
1140 795 1234 860 quam
1269 778 1307 842 ob

171 883 259 946 rem?
289 882 370 964 quia,
394 881 469 946 dnm
489 881 623 947 sormam
643 881 725 946 serui
746 882 900 965 aoeipiens
920 883 1038 948 famulo
1062 883 1138 946 deus
1161 883 1310 966 iungitur,

172 987 299 1051 minoris
334 985 497 1051 humilitas
531 987 614 1051 intra
644 988 853 1052 reuerentiam
885 987 1010 1052 maioris
1043 987 1243 1052 absconditur
1276 991 1308 1052 et

171 1091 337 1175 superioris
372 1092 490 1156 lumine
523 1091 679 1156 exinanita
710 1092 904 1157 eonsumitur
939 1109 975 1156 ao
1007 1093 1052 1157 sie
1087 1093 1309 1176 proprietatem
1349 1119 1362 1158 s

170 1214 322 1280 personae
352 1195 531 1261 hnmanitas
562 1197 725 1261 diuinitate
756 1196 963 1262 obumbrante
994 1198 1044 1262 uel
1068 1198 1225 1263 eminente
1248 1216 1310 1264 non

171 1301 300 1366 obtinet.
347 1301 390 1366 ibi
420 1318 493 1385 ergo
517 1320 585 1366 esse
608 1305 712 1384 potest
734 1319 937 1385 personarum
960 1303 1111 1385 parilitas³
1139 1303 1193 1366 ubi
1217 1303 1311 1367 meri·

170 1409 274 1470 torum
309 1423 346 1470 ao
380 1406 569 1490 dignitatum
604 1405 746 1471 consistit
779 1407 965 1488 aequalitas,
1001 1411 1033 1471 et
1066 1407 1133 1472 ideo
1168 1407 1311 1489 spiritum

171 1513 317 1575 sanetum
341 1528 413 1574 oum
435 1515 524 1594 petre
548 1514 579 1575 et
600 1509 664 1575 filio
687 1529 785 1574 unum
809 1511 983 1575 maiestatis
1007 1511 1130 1576 noueris
1153 1511 1311 1595 possidere

172 1614 381 1699 priuilegium,
405 1634 497 1697 quem
520 1633 671 1697 personae
694 1615 781 1679 uides
801 1614 941 1680 obtinere
961 1616 1010 1679 ius
1025 1617 1194 1699 proprium.
1230 1617 1311 1698 quod
1339 1641 1363 1680 ιο

172 1719 198 1783 si
220 1719 332 1802 aliquis
355 1723 493 1803 opponat
515 1723 546 1783 et
569 1720 664 1784 dieat:
689 1720 715 1783 si
738 1719 771 1783 in
788 1719 911 1784 Christo
932 1720 988 1784 deo
1005 1721 1122 1804 pariter
1138 1725 1169 1784 et
1183 1720 1310 1785 homine

173 1824 248 1888 duas
273 1823 467 1888 substantias
491 1824 633 1905 dioimus,
657 1842 751 1906 quare
775 1841 836 1889 non
860 1825 936 1888 duas
960 1824 1123 1888 eradamus
1147 1825 1241 1889 simili
1261 1843 1312 1889 ra·

173 1930 255 1994 tione
293 1946 458 2012 personae,
498 1945 559 1993 non
598 1929 642 1992 ita
677 1932 733 1993 est.
783 1947 857 1993 nam
896 1929 949 2011 qui
983 1929 1060 1993 duas
1093 1947 1243 2013 personas
1278 1930 1311 1993 in

173 2031 295 2099 Christo
326 2033 412 2114 laoit,
443 2033 636 2115 impietatem
667 2034 886 2115 quaternitatis
910 2034 1038 2114 inducit,
1070 2052 1162 2116 quam
1186 2034 1310 2117 penitus

171 2156 276 2202 rerum
296 2141 408 2202 natura
422 2155 484 2202 non
499 2138 616 2221 recipit.
656 2138 694 2201 de
717 2137 837 2203 duabus
861 2138 1096 2203 rationabilibus
1120 2139 1311 2220 diuersisque
1340 2164 1363 2204 rs

173 2242 368 2322 substantiis
391 2241 576 2325 praesertim
599 2243 637 2306 de
660 2243 709 2307 dei
732 2247 763 2308 et
785 2243 931 2324 hominis,
955 2243 993 2308 de
1016 2245 1162 2308 creatoris
1180 2248 1211 2308 et
1227 2261 1313 2307 crea-

174 2351 260 2412 turae
283 2364 347 2410 una
368 2346 436 2412 lieri
459 2365 521 2412 non
544 2351 658 2430 potest,
689 2347 726 2410 de
757 2347 877 2412 duabus
901 2366 974 2412 uero
997 2348 1138 2430 personis
1162 2347 1312 2412 unalteri

171 2455 285 2536 potest,
317 2453 398 2516 sieut
420 2453 553 2536 legimus
577 2456 671 2534 eaput
702 2455 734 2516 at
763 2470 883 2534 eorpus,
909 2451 1068 2518 Christum
1092 2457 1124 2518 et
1148 2453 1311 2517 ecelesiam

173 2575 267 2622 uuam
290 2560 396 2622 tenue
419 2573 600 2640 personam:
636 2561 743 2620 erunt
767 2557 877 2637 enim,
908 2558 1019 2639 inquit,
1050 2557 1118 2621 duo
1142 2557 1178 2621 in
1202 2575 1311 2622 earne

173 2680 252 2726 nna.
298 2666 330 2726 et
360 2662 442 2726 sient
473 2661 554 2745 apud
584 2679 639 2726 nos
663 2661 804 2726 homines
828 2661 911 2726 filius
933 2663 1030 2744 patris
1060 2661 1198 2726 familias
1228 2663 1313 2726 iuxta
1339 2687 1365 2726 so

171 2769 294 2848 patrem
328 2766 377 2830 uel
413 2784 522 2830 seruus
548 2766 633 2830 iuxta
663 2766 825 2830 dominum
855 2783 1005 2848 personae
1035 2767 1176 2850 propriae
1209 2767 1312 2830 looum

172 2869 363 2949 nonhabet,
394 2869 439 2934 ita
468 2871 499 2934 in
528 2869 585 2934 deo
614 2873 645 2934 et
673 2871 797 2934 homine
825 2871 952 2954 gemina
979 2870 1102 2952 quidem
1127 2869 1312 2950 substantia,

173 2974 226 3038 sed
249 2991 311 3038 non
335 2974 461 3058 gemina
483 2991 616 3056 persona
631 2978 687 3055 est,
712 2974 786 3056 quia
800 2992 933 3058 persona
948 2993 1114 3058 personam
1130 2991 1313 3039 consumere

173 3083 284 3163 potest,
308 3078 485 3144 substantia
504 3097 578 3144 nero
599 3069 808 3144 substantiam
829 3097 890 3144 non
911 3083 1024 3162 potest,
1049 3079 1075 3143 si
1095 3079 1221 3162 quidem
1242 3099 1313 3163 per-

174 3202 322 3250 sonares
345 3184 421 3248 iuris
445 3187 502 3264 est,
526 3183 776 3248 substantiatus
800 3188 938 3248 naturae.
1340 3209 1365 3250 aa

213 3289 283 3353 Hoo
313 3289 381 3353 loeo
407 3289 616 3353 neeessarium
641 3288 773 3370 uidetur,
804 3293 839 3353 ut
860 3289 892 3354 iu
916 3288 1040 3354 Christo
1064 3288 1120 3353 deo
1143 3289 1260 3372 pariter
1284 3293 1314 3353 et

173 3393 298 3459 homine
327 3411 422 3457 unam
449 3411 615 3475 personam
641 3397 672 3457 et
694 3393 771 3457 duas
796 3393 988 3458 substantias
1012 3393 1200 3458 testimoniis
1224 3393 1313 3456 allsa-

172 3515 288 3562 ramus.
339 3497 379 3562 da
409 3517 503 3562 unam
535 3499 566 3562 iu
597 3497 792 3580 redemptore
827 3497 874 3562 dei
908 3503 939 3562 et
969 3498 1105 3563 hominis
1136 3515 1312 3581 personam,

277 3661 304 3730 1]
324 3661 421 3716 esaim.
438 3665 477 3726 ru,
492 3665 532 3718 12.
589 3663 632 3730 ro]
653 3661 717 3716 oen.
731 3665 755 3726 a,
769 3665 811 3718 24.

214 3823 290 3876 2est
302 3825 367 3889 post
379 3817 528 3872 substantia
540 3821 617 3874 babet
631 3819 658 3872 P
709 3819 905 3874 5exinanitiP
956 3823 1168 3888 7potestessao
1223 3823 1255 3876 1o
1269 3839 1314 3890 op-

173 3906 254 3960 tinere
272 3907 298 3960 V
354 3907 385 3961 12
404 3905 485 3959 simili
504 3905 605 3959 ratione
624 3904 796 3962 eradamuso
856 3908 887 3962 14
905 3905 1052 3960 introducit
1070 3908 1098 3962 P
1153 3907 1275 3977 poenitus
1292 3909 1318 3963 V

174 3997 204 4048 15
222 3993 324 4061 recepit
346 3993 372 4046 V
439 3995 470 4047 l'l
494 4008 547 4044 nou
565 3995 741 4060 potest-una
759 3993 815 4046 lieri
835 4012 885 4049 oua
905 3995 931 4049 V
979 3993 1142 4048 20homirris
1159 3995 1186 4049 V
1235 3995 1315 4048 fami-

171 4079 357 4150 liaspatr'neP
407 4081 438 4134 21
459 4079 583 4132 seruisP
633 4081 667 4134 23
685 4081 855 4148 apersonaV
899 4083 932 4134 24
951 4079 1141 4150 substantiam]
1161 4097 1314 4136 consumere

172 4193 269 4248 raddo
348 4195 382 4248 25
406 4153 484 4246 umbro
503 4193 530 4246 P
550 4194 591 4258 (tu
611 4195 754 4260 mosoll.)
807 4195 841 4248 26
864 4197 895 4246 ut
912 4211 1047 4262 suprascr.
1068 4195 1109 4246 P²
1163 4193 1270 4248 domino
1290 4195 1317 4248 P

173 4283 204 4334 27
217 4279 362 4334 hominiso
415 4280 603 4334 asseramusP
655 4281 688 4336 28
707 4279 735 4334 in
757 4299 807 4336 um.
828 4281 855 4334 P
906 4279 1081 4348 redemptoris
1100 4283 1127 4335 P
1178 4285 1205 4334 et
1223 4299 1273 4336 om.
1288 4283 1316 4335 P

172 4365 286 4420 bominis
314 4383 461 4436 personam.
489 4383 570 4436 quam
598 4383 738 4435 personam
765 4369 871 4436 scripsi,
901 4367 1016 4420 hominis
1045 4369 1100 4436 quui
1119 4383 1259 4436 personam
1284 4370 1312 4434 V,

174 4453 337 4524 hominisque
356 4469 494 4522 personam
514 4455 542 4507 P
