3264 5134
623 463 719 520 Liber
736 465 751 520 I
772 469 881 522 17-18,
1277 467 1320 534 55

184 639 433 704 emendationem
465 643 614 724 prouocat
647 641 764 706 domini
793 643 1030 726 longanimitas,
1064 644 1096 708 in
1127 661 1216 708 seruo
1248 662 1321 708 con·

182 746 338 827 temptum
368 745 466 810 nutrit
493 746 660 830 inpunitas.
709 747 769 829 qni
798 746 936 828 reddit,
970 747 1085 830 inquit,
1119 749 1321 831 unicuique

182 849 386 914 secundum
408 866 519 933 opera
541 867 620 931 sua,
644 853 726 915 certe
750 868 812 915 uon
831 851 954 933 inponit
973 851 1049 916 deus
1069 852 1188 916 homini
1211 869 1320 916 secon-

182 952 258 1018 dum
289 953 530 1038 praesoientiam
560 954 708 1039 peccandi
739 956 974 1036 necessitatem,
1007 974 1025 1020 a
1056 973 1116 1038 quo
1149 955 1320 1020 secundum

182 1075 275 1140 opera
304 1076 362 1122 sua
389 1059 503 1143 legitur
533 1062 695 1124 exacturus
723 1079 791 1124 esse
818 1059 980 1124 rationem.
1019 1060 1188 1142 peccaui,
1218 1059 1321 1142 inquit
1360 1085 1373 1125 s

181 1161 349 1246 propheta,
383 1167 420 1227 et
453 1163 539 1246 quid
572 1163 711 1228 accidit
744 1163 834 1228 mibi
866 1164 998 1228 triste?
1032 1164 1091 1229 boo
1124 1167 1173 1229 est
1205 1163 1319 1228 dicere:

182 1269 303 1330 certum
324 1270 372 1332 est
392 1266 485 1332 deum
505 1267 624 1332 nescire
639 1271 778 1351 peccata,
801 1268 854 1349 qui
875 1285 937 1332 non
956 1267 1108 1332 accelerat
1127 1285 1182 1351 pro
1202 1268 1320 1332 ultione

182 1371 342 1454 supplicia,
367 1372 548 1436 etiterum:
572 1371 665 1436 dixit
688 1372 843 1436 enimin
866 1372 974 1436 eorde
997 1391 1077 1437 suo:
1101 1371 1239 1437 oblitus
1262 1375 1320 1437 est

182 1475 286 1556 deus,
309 1476 451 1541 auertit
472 1477 605 1541 faciem
629 1495 747 1558 suam,
779 1497 822 1542 ue
845 1477 974 1542 uideat
996 1477 1172 1560 usquein
1194 1477 1318 1542 finem.

182 1579 256 1644 dum
280 1599 352 1664 ergo
376 1581 450 1645 dicit
472 1580 613 1646 oblitus
637 1584 693 1646 est
715 1582 819 1662 deus,
846 1581 1030 1664 patientiam
1051 1581 1242 1646 remittentis
1264 1599 1319 1644 ne-
1346 1605 1372 1646 n

181 1685 373 1769 glegentiam
395 1684 511 1750 indicat
533 1686 705 1770 ignorantis
730 1689 761 1750 et
784 1685 952 1750 arbitratur
976 1684 1118 1766 oblitum,
1147 1685 1229 1768 quod
1252 1703 1319 1750 ma

181 1789 348 1873 gnanimus
375 1789 571 1872 dispensator
593 1795 733 1855 reseruat
755 1791 787 1854 in
810 1795 980 1874 posterum.
1025 1809 1086 1872 quo
1113 1809 1227 1874 genere
1254 1807 1319 1854 me·

180 1897 321 1958 tuentem
333 1893 502 1959 admonitio
514 1895 563 1958 dei
578 1895 762 1985 castigantis
778 1895 933 1975 emendat,
949 1897 1201 1960 contemnentem
1217 1894 1319 1978 magis

180 1997 293 2062 lenitas
308 1999 498 2064 moderantis
515 1997 656 2080 obdurat,
680 2003 716 2062 ut
730 2002 820 2082 putet
835 1999 873 2064 de
896 1999 952 2064 deo
975 1999 1101 2082 impius,
1124 1997 1206 2081 quod
1220 2015 1318 2079 usqne

179 2103 211 2166 in
226 2101 322 2166 finem
337 2103 513 2188 ignorantia
528 2103 713 2168 obscurante
729 2121 790 2168 non
806 2103 921 2184 uideat,
942 2103 1092 2186 quidquid
1112 2102 1151 2168 ad
1169 2119 1318 2186 praesens
1345 2127 1370 2168 rs

180 2205 393 2272 beniuolentia
411 2207 592 2273 sustinentis
607 2208 719 2291 punire
739 2208 923 2288 dissimulet,
947 2211 989 2288 et,
1012 2225 1085 2272 oum
1107 2205 1254 2290 probetur
1278 2205 1317 2270 ab

181 2311 352 2376 insultante
382 2315 590 2395 contemptus
617 2311 855 2378 obdurationem
885 2315 1013 2396 putatur
1042 2315 1196 2394 operatua.
1243 2311 1318 2374 dum

181 2417 263 2481 enim
293 2416 477 2482 iraminter
508 2417 735 2483 crebrescentia
764 2421 892 2502 peccata
922 2415 1094 2501 suspendit,
1124 2419 1317 2499 peecatorem

181 2520 331 2586 insultare
353 2521 516 2604 permittit.

689 2695 806 2760 xvrn.
1344 2737 1369 2776 „

181 2838 302 2882 coum
323 2837 396 2897 HOC,
419 2839 504 2889 QUOD
525 2839 650 2899 uicum,
673 2839 749 2890 Qun
769 2839 907 2881 HOMINBS
927 2837 1114 2882 [rotumum
1133 2838 1188 2878 Dm
1211 2837 1318 2878 INPBL·

577 2927 703 2970 munda
725 2927 756 2968 m
779 2927 918 2969 MORTEM.

221 3042 254 3109 Si
277 3047 394 3124 autem,
419 3047 456 3108 ut
477 3044 552 3109 dicit
573 3045 758 3126 haereticus,
780 3063 837 3128 per
859 3044 1055 3108 uoluntatem
1078 3043 1128 3108 dei
1151 3041 1318 3106 trahuntur

180 3148 322 3213 homines
348 3148 381 3212 in
407 3149 629 3232 perditionem,
661 3149 813 3230 quomodo
840 3149 872 3212 in
900 3148 1034 3213 lectione
1056 3146 1179 3231 Regum
1206 3146 1318 3210 mulier

179 3252 317 3336 loquitur
340 3251 379 3316 ad
394 3251 510 3318 Dauid:
549 3271 616 3318 nee
638 3253 735 3333 uult,
758 3253 869 3335 inquit,
892 3253 981 3316 deus
1002 3252 1124 3334 perire
1144 3251 1318 3329 animem,
1344 3275 1371 3314 se

180 3357 242 3422 sed
256 3360 442 3422 retractat
457 3359 641 3441 cogitanS,
662 3377 706 3422 ne
725 3357 877 3440 penitus
898 3359 1041 3440 pereat,
1066 3355 1129 3438 qui
1149 3354 1318 3418 abiectus

180 3463 258 3526 est?
280 3461 357 3526 item
376 3461 518 3526 Ezechiel
542 3461 600 3526 sub
623 3459 728 3526 uerbis
751 3461 800 3526 dei
822 3461 867 3526 ita
890 3460 1027 3524 disserit:
1051 3459 1167 3524 multo
1191 3457 1318 3522 labore

180 3565 352 3630 sudatum
387 3569 446 3630 est
478 3569 514 3630 et
549 3583 618 3631 non
654 3565 745 3631 exiit
774 3564 818 3629 ab
855 3583 894 3628 ee
925 3563 1038 3629 nimia
1071 3561 1203 3646 rubigo
1238 3561 1317 3625 eins

282 3781 312 3851 2]
331 3781 406 3834 Rom.
420 3783 445 3846 2,
458 3783 481 3836 6.
553 3779 581 3850 6]
599 3779 680 3835 Eoeli.
696 3785 720 3846 5,
732 3781 756 3835 4.
828 3779 856 3848 8]
875 3777 974 3833 Psalm.
991 3780 1084 3842 10‚11.
1156 3775 1202 3846 25]
1222 3775 1315 3844 2Rog.

183 3869 222 3932 14,
235 3869 275 3925 14.
329 3867 375 3938 27]
394 3867 541 3932 Emoddi,
557 3869 597 3924 12.

225 4071 236 4125 l
265 4071 430 4124 contemtum
458 4068 485 4124 P
553 4071 570 4124 2
594 4068 751 4138 unicuiquae
776 4069 803 4122 P
872 4069 887 4121 7
915 4065 1047 4120 adcelerat
1074 4065 1101 4119 P
1169 4069 1186 4121 8
1213 4063 1278 4117 dicit
1301 4081 1317 4118 o

183 4159 311 4224 insonae
330 4157 358 4210 P
427 4157 457 4212 11
478 4155 655 4224 magnanimis
675 4154 711 4210 P¹
784 4157 815 4210 13
833 4153 972 4208 ammoniti
992 4153 1020 4208 P
1087 4153 1271 4205 contemnente
1290 4149 1318 4204 P

187 4245 214 4298 ii
232 4259 330 4312 nequeo
350 4243 377 4296 P
440 4245 471 4299 17
490 4245 639 4296 contemtus
658 4243 686 4298 P
750 4245 781 4298 18
799 4239 988 4295 crebrisoentia
1006 4241 1033 4294 P
1099 4238 1316 4306 ‘diomedeae

184 4327 393 4399 impellunturo
445 4331 479 4386 22
497 4329 526 4382 in
553 4333 664 4382 mortem
689 4347 773 4384 onae
825 4330 858 4384 23
881 4327 1012 4380 hereticus
1036 4327 1063 4382 P
1114 4327 1147 4380 25
1170 4321 1262 4395 inquid
1291 4322 1318 4375 P

184 4417 216 4472 26
231 4416 352 4486 paenitus
371 4417 399 4470 P
449 4417 556 4486 paereat
573 4415 600 4469 P
651 4417 684 4470 27
703 4413 779 4483 item]
798 4419 825 4468 et
843 4415 935 4470 addo
