3268 5142
280 467 343 534 312
719 466 783 520 1111.
803 467 912 520 Sermo
930 468 971 522 22.

279 647 394 710 duntur
424 646 454 707 in
486 663 651 708 carcerem.
694 644 800 708 uisitat
829 643 973 706 dominus
1005 647 1037 706 et
1065 643 1098 706 in
1127 659 1249 706 carcero
1280 659 1352 705 suos
1384 645 1418 705 et

279 750 349 814 ideo
371 749 415 812 ibi
438 749 508 832 plus
532 751 580 812 est
601 749 738 831 periculi.
778 747 833 812 sed
856 748 930 829 quid
952 747 1066 811 mirum
1090 747 1116 810 si
1142 745 1249 810 uisitet
1271 745 1417 810 Christus

278 855 310 918 in
333 871 455 918 carcere
478 853 607 936 positos,
638 853 691 934 qui
713 871 747 917 se
769 852 872 934 ipsum
895 852 928 916 in
951 852 1014 916 suis
1037 869 1159 916 carcere
1182 851 1323 916 clausum
1346 869 1417 914 esse

279 959 474 1038 memorauit,
498 958 580 1022 sicut
599 956 723 1022 habetis
745 957 910 1040 scriptum:
934 956 970 1020 in
994 974 1142 1022 carcere
1165 973 1263 1021 eram
1286 957 1321 1020 et
1343 972 1416 1020 non

240 1093 252 1132 s
278 1062 439 1127 uenistis
463 1063 505 1126 ad
529 1081 592 1126 me.

322 1165 390 1246 Quo
413 1183 475 1231 non
497 1169 641 1248 penetrat
664 1166 770 1230 diuina
792 1165 1024 1230 misericordia?
1061 1165 1183 1230 inuenit
1204 1164 1318 1248 Ioseph
1343 1181 1417 1248 gra-

279 1271 356 1336 tiam
371 1271 463 1336 huius
481 1271 574 1351 modi,
598 1273 643 1352 ut,
667 1271 721 1352 qni
736 1271 839 1334 fuerat
861 1270 986 1334 clausus
1009 1271 1041 1335 iu
1064 1287 1198 1350 carcere,
1221 1269 1288 1352 ipse
1310 1269 1415 1352 potius

279 1375 415 1440 claustra
445 1375 577 1439 carceris
607 1374 787 1439 custodiret.
825 1375 857 1440 iu
883 1375 952 1457 ipso
980 1375 1063 1440 enim
1090 1373 1334 1458 praefiguratum
1357 1377 1416 1454 est,

279 1479 361 1562 quod
390 1482 499 1562 postea
524 1479 556 1543 in
587 1479 711 1544 domino
742 1479 896 1544 saluatore
925 1483 1032 1545 nostro
1061 1479 1239 1562 conpletum
1270 1481 1328 1543 est.
1370 1478 1417 1542 sic

227 1613 252 1654 ro
279 1584 363 1649 euim
384 1583 551 1648 insidiante
573 1585 625 1648 uel
648 1586 814 1650 accusante
836 1583 962 1649 domina
976 1583 1090 1668 Ioseph
1108 1584 1141 1648 in
1163 1601 1319 1648 carcerem
1341 1583 1417 1647 mit·

277 1689 364 1770 titur,
395 1689 474 1754 sicut
497 1687 640 1754 Christus
671 1688 838 1753 insidiante
865 1689 915 1754 uel
944 1691 1111 1754 accusante
1135 1704 1295 1772 synagoga
1316 1687 1417 1752 oruci-

278 1792 384 1878 figitur
415 1797 446 1858 et
475 1793 564 1875 quasi
594 1793 626 1858 iu
656 1810 811 1858 carcerem
842 1794 881 1858 ad
907 1793 1031 1858 inferna
1057 1790 1243 1858 descendere
1270 1793 1415 1876 dignatus

279 1902 335 1963 est.
374 1898 506 1980 denique
529 1897 767 1963 similitudinem
790 1896 904 1962 uidete.
944 1899 981 1962 de
1004 1897 1118 1981 Ioseph
1145 1897 1302 1978 scribitur,
1332 1897 1416 1978 quod

278 2002 356 2067 liber
371 2003 404 2066 in
419 2020 541 2067 carcere
556 2002 616 2068 fuit
638 2005 669 2066 st
691 2021 755 2083 eoa,
778 2002 886 2084 quiin
909 2020 1031 2067 carcere
1053 2001 1250 2081 tenebantur,
1273 2002 1306 2066 in
1328 2005 1417 2085 pote-

227 2137 252 2176 re
279 2110 393 2172 statem
428 2111 597 2190 acceperat.
644 2108 682 2171 de
716 2107 839 2174 domino
874 2111 981 2172 autem
1014 2109 1168 2172 seductore
1202 2108 1308 2172 nostro
1342 2106 1417 2190 quid

280 2212 431 2294 scriptum
461 2213 529 2276 est?
566 2216 772 2295 posuerunt
801 2231 871 2294 me,
905 2213 1015 2295 iuquit,
1049 2213 1086 2277 in
1115 2213 1200 2278 lacu
1229 2211 1415 2292 inferiori,

277 2317 315 2380 iu
336 2315 548 2380 tenebrosis
569 2317 605 2379 et
623 2315 753 2380 umbra
772 2317 912 2381 mortis.
948 2316 1072 2382 faetus
1092 2335 1171 2380 sum
1192 2316 1291 2380 sicut
1309 2315 1415 2380 home

279 2421 358 2486 sine
388 2419 573 2484 adiutorio
600 2421 699 2485 inter
726 2424 891 2487 mortuos
918 2421 1024 2486 liber.
1062 2421 1166 2486 uerius
1194 2420 1277 2484 enim
1300 2419 1416 2484 hocin

278 2525 402 2591 Christo
429 2525 610 2608 conpletum
638 2528 695 2606 est,
726 2527 780 2606 qui
806 2543 868 2590 non
896 2527 997 2590 solum
1020 2527 1052 2590 in
1074 2527 1228 2609 potestate
1250 2523 1360 2589 habuit
1381 2523 1415 2587 in

225 2659 252 2700 ae
278 2647 399 2695 carcere
429 2630 567 2710 uinctos,
600 2630 654 2693 sed
685 2630 779 2694 etiam
803 2629 841 2695 de
868 2630 934 2712 ipso
962 2630 1076 2694 inferni
1104 2647 1226 2696 carcere
1256 2627 1416 2712 praedam,

279 2753 372 2816 quam
396 2734 537 2799 diabolus
566 2737 699 2816 ceperat,
727 2735 847 2799 fortiter
877 2738 909 2800 et
937 2735 1070 2799 feliciter
1099 2733 1267 2799 reuocauit.
1305 2751 1416 2797 ascen-

278 2839 354 2903 dens
376 2838 408 2902 iu
432 2839 531 2902 altum
553 2838 711 2922 captiuam
734 2839 822 2903 duxit
844 2840 1070 2922 captiuitatem,
1098 2839 1130 2903 id
1153 2841 1211 2920 eet,
1242 2855 1318 2920 quos
1349 2837 1416 2901 dia'·

278 2942 368 3006 bolus
392 2946 516 3024 ceperat
539 2943 578 3007 ad
601 2945 745 3025 mortem,
769 2943 821 3007 ille
844 2943 961 3026 recepit
983 2943 1022 3006 ad
1048 2943 1156 3007 uitam.

322 3045 421 3125 Unde,
452 3047 564 3110 tratres
588 3047 749 3127 carissimi,
781 3050 812 3111 et
835 3064 891 3111 nos
915 3047 953 3111 ad
981 3047 1158 3130 exemplum
1185 3046 1270 3112 beati
1292 3045 1415 3128 Ioseph,

227 3177 253 3217 ss
280 3153 432 3232 quantum
455 3152 621 3234 possimus,
652 3171 723 3217 cum
755 3153 803 3217 dei
827 3153 979 3218 adiutorio
1002 3153 1247 3218 familiaritatem
1270 3149 1416 3216 infestam

279 3259 373 3336 atque
397 3259 575 3338 suspectam
599 3256 735 3341 effugere
758 3258 954 3338 festinemus,
977 3261 1013 3322 ut
1031 3255 1185 3321 castitatis
1201 3257 1335 3320 nitorem
1352 3274 1416 3319 ser-

279 3377 353 3423 uare
383 3361 539 3442 possimus
563 3361 735 3426 secundum
757 3362 846 3442 illud,
877 3362 959 3444 quod
986 3361 1145 3445 apostolus
1176 3361 1264 3424 dicit:
1295 3359 1414 3442 fugite

278 3463 577 3529 fornicationem.
616 3469 723 3530 contra
753 3467 814 3531 alia
841 3469 968 3549 peccata
989 3465 1193 3550 pugnandum
1218 3468 1276 3546 est,
1307 3467 1342 3528 ut
1364 3481 1416 3528 ca-

280 3569 369 3634 stitas
393 3569 539 3634 custodiri
561 3570 670 3651 possit,
699 3571 881 3655 fugiendum
906 3575 962 3636 est.
1001 3571 1160 3638 imitemur
1187 3587 1260 3653 ergo
1289 3569 1414 3634 beatum

381 3739 410 3809 4]
429 3739 525 3820 Matth.
539 3743 580 3806 25,
593 3743 635 3797 43.
690 3741 734 3812 16]
747 3741 845 3796 Psalm.
855 3743 897 3808 87,
908 3745 931 3797 7.
942 3745 966 3798 5.
1020 3742 1065 3812 27]
1086 3745 1098 3798 l
1113 3741 1208 3806 Cant,
1220 3745 1259 3798 18.

324 3898 532 3952 loaroeremD
584 3899 787 3953 8caroeremD
839 3899 957 3968 ‘lputius
970 3900 1000 3954 D
1053 3899 1086 3953 10
1098 3899 1278 3954 aousanteD
1332 3901 1362 3955 ll
1380 3899 1417 3952 si-

280 3985 326 4035 cut
343 3985 451 4053 seipsi,
470 3983 508 4037 sic
527 3987 554 4038 et
571 3985 600 4040 D
670 3989 809 4039 acuesante
826 3987 856 4040 D
920 3985 1048 4054 sinagoga
1066 3986 1095 4041 D
1165 3988 1197 4041 12
1216 3983 1368 4040 discendere
1386 3987 1418 4042 D

281 4071 313 4123 15
331 4068 463 4137 acciperat
480 4073 510 4125 D
564 4073 596 4126 16
614 4071 717 4125 scribut
734 4073 763 4126 D
816 4071 907 4140 inquid
921 4074 950 4127 D
1005 4076 1037 4128 19
1048 4075 1209 4142 potestatem
1226 4073 1255 4128 D
1307 4075 1341 4128 20
1359 4089 1417 4127 car-

280 4171 366 4208 cerem
379 4157 408 4210 D
453 4157 558 4211 uinctos
569 4159 676 4227 scripsi,
689 4157 792 4212 iunctos
805 4161 834 4213 D
880 4159 1007 4228 praedam
1018 4162 1125 4230 scripsi,
1137 4159 1218 4230 pdam
1232 4161 1261 4216 D
1307 4162 1339 4216 21
1360 4159 1418 4213 dia-

278 4241 357 4295 bulus
376 4247 497 4312 caeperat
514 4246 545 4300 D
561 4252 674 4316 atropos
692 4247 749 4302 loco
813 4248 846 4301 23
865 4247 960 4316 recipit
975 4249 1006 4302 D
1067 4249 1101 4304 25
1123 4249 1256 4318 possimus
1274 4266 1307 4305 aa
1323 4265 1418 4319 possu-

278 4345 338 4382 mus
356 4329 386 4384 D
456 4331 683 4403 familipjaritatom
702 4334 732 4388 D
800 4333 932 4388 intestam
951 4337 980 4390 D
1049 4337 1083 4392 29
1101 4335 1234 4390 custodire
1252 4338 1282 4392 D
1349 4337 1418 4391 emi-

279 4418 367 4474 amur
384 4418 415 4475 D
493 4451 496 4457 ·
