<?xml version="1.0" encoding="UTF-8"?>
<!DOCTYPE html PUBLIC "-//W3C//DTD XHTML 1.0 Transitional//EN"
    "http://www.w3.org/TR/xhtml1/DTD/xhtml1-transitional.dtd">
<html xmlns="http://www.w3.org/1999/xhtml" xml:lang="en" lang="en">
 <head>
  <title>
</title>
<meta http-equiv="Content-Type" content="text/html;charset=utf-8" />
  <meta name='ocr-system' content='tesseract 3.04.00' />
  <meta name='ocr-capabilities' content='ocr_page ocr_carea ocr_par ocr_line ocrx_word'/>
</head>
<body>
  <div class='ocr_page' id='page_1' title='image "./praetersermones01fausgoog/praetersermones01fausgoog_0544.png"; bbox 0 0 3290 5152; ppageno 0'>
   <div class='ocr_carea' id='block_1_1' title="bbox 490 409 1354 482">
    <p class='ocr_par' dir='ltr' id='par_1_1' title="bbox 490 409 1354 482">
     <span class='ocr_line' id='line_1_1' title="bbox 490 409 1354 482; baseline 0.013 -19"><span class='ocrx_word' id='word_1_1' title='bbox 490 409 606 464; x_wconf 79' lang='lat' dir='ltr'>Faiusti</span> <span class='ocrx_word' id='word_1_2' title='bbox 624 411 771 481; x_wconf 80' lang='lat' dir='ltr'>episcopi</span> <span class='ocrx_word' id='word_1_3' title='bbox 790 411 827 467; x_wconf 89' lang='lat' dir='ltr'>de</span> <span class='ocrx_word' id='word_1_4' title='bbox 845 413 973 468; x_wconf 83' lang='lat' dir='ltr'>ratione</span> <span class='ocrx_word' id='word_1_5' title='bbox 991 413 1080 468; x_wconf 79' lang='lat' dir='ltr'>fidei.</span> <span class='ocrx_word' id='word_1_6' title='bbox 1284 416 1354 482; x_wconf 77' lang='lat'>457⁴</span> 
     </span>
    </p>
   </div>
   <div class='ocr_carea' id='block_1_2' title="bbox 168 588 1403 2018">
    <p class='ocr_par' dir='ltr' id='par_1_2' title="bbox 211 588 1350 874">
     <span class='ocr_line' id='line_1_2' title="bbox 211 588 1350 668; baseline 0.006 -21"><span class='ocrx_word' id='word_1_7' title='bbox 211 591 240 647; x_wconf 87' lang='lat' dir='ltr'>et</span> <span class='ocrx_word' id='word_1_8' title='bbox 256 588 330 648; x_wconf 89' lang='lat' dir='ltr'>siout</span> <span class='ocrx_word' id='word_1_9' title='bbox 349 591 475 664; x_wconf 85' lang='lat' dir='ltr'>epatre,</span> <span class='ocrx_word' id='word_1_10' title='bbox 499 589 540 648; x_wconf 91' lang='lat' dir='ltr'>ita</span> <span class='ocrx_word' id='word_1_11' title='bbox 559 590 644 650; x_wconf 89' lang='lat' dir='ltr'>etiam</span> <span class='ocrx_word' id='word_1_12' title='bbox 664 597 681 649; x_wconf 79' lang='lat' dir='ltr'>a</span> <span class='ocrx_word' id='word_1_13' title='bbox 700 591 803 666; x_wconf 89' lang='lat' dir='ltr'>spiritu</span> <span class='ocrx_word' id='word_1_14' title='bbox 824 594 923 652; x_wconf 85' lang='lat' dir='ltr'>saneto</span> <span class='ocrx_word' id='word_1_15' title='bbox 943 594 977 651; x_wconf 88' lang='lat' dir='ltr'>ad</span> <span class='ocrx_word' id='word_1_16' title='bbox 998 593 1218 668; x_wconf 89' lang='lat' dir='ltr'>redemptionem</span> <span class='ocrx_word' id='word_1_17' title='bbox 1235 598 1350 656; x_wconf 87' lang='lat' dir='ltr'>nostrae</span> 
     </span>
     <span class='ocr_line' id='line_1_3' title="bbox 218 693 1350 772; baseline 0.007 -20"><span class='ocrx_word' id='word_1_18' title='bbox 218 693 343 754; x_wconf 78' lang='lat' dir='ltr'><strong>malitiae</strong></span> <span class='ocrx_word' id='word_1_19' title='bbox 365 695 526 754; x_wconf 86' lang='lat' dir='ltr'>destinatus</span> <span class='ocrx_word' id='word_1_20' title='bbox 550 697 594 754; x_wconf 91' lang='lat' dir='ltr'>est</span> <span class='ocrx_word' id='word_1_21' title='bbox 616 695 677 770; x_wconf 87' lang='lat' dir='ltr'>ipso</span> <span class='ocrx_word' id='word_1_22' title='bbox 700 697 733 756; x_wconf 89' lang='lat' dir='ltr'>de</span> <span class='ocrx_word' id='word_1_23' title='bbox 756 713 787 756; x_wconf 88' lang='lat' dir='ltr'>se</span> <span class='ocrx_word' id='word_1_24' title='bbox 808 713 859 771; x_wconf 89' lang='lat' dir='ltr'>per</span> <span class='ocrx_word' id='word_1_25' title='bbox 878 697 992 757; x_wconf 81' lang='lat' dir='ltr'><strong>Esaiam</strong></span> <span class='ocrx_word' id='word_1_26' title='bbox 1015 698 1162 772; x_wconf 82' lang='lat' dir='ltr'>loquente:</span> <span class='ocrx_word' id='word_1_27' title='bbox 1185 699 1281 760; x_wconf 82' lang='lat' dir='ltr'><strong>misit</strong></span> <span class='ocrx_word' id='word_1_28' title='bbox 1302 718 1350 760; x_wconf 92' lang='lat' dir='ltr'>me</span> 
     </span>
     <span class='ocr_line' id='line_1_4' title="bbox 213 799 623 874; baseline 0.007 -18"><span class='ocrx_word' id='word_1_29' title='bbox 213 801 310 874; x_wconf 84' lang='lat' dir='ltr'>petar</span> <span class='ocrx_word' id='word_1_30' title='bbox 326 801 359 858; x_wconf 90' lang='lat' dir='ltr'>et</span> <span class='ocrx_word' id='word_1_31' title='bbox 374 799 524 873; x_wconf 88' lang='lat' dir='ltr'>spiritus</span> <span class='ocrx_word' id='word_1_32' title='bbox 539 799 623 860; x_wconf 91' lang='lat' dir='ltr'>eins.</span> 
     </span>
    </p>

    <p class='ocr_par' dir='ltr' id='par_1_3' title="bbox 168 903 1403 2018">
     <span class='ocr_line' id='line_1_5' title="bbox 254 903 1350 986; baseline 0.006 -24"><span class='ocrx_word' id='word_1_33' title='bbox 254 903 283 962; x_wconf 87' lang='lat' dir='ltr'>Si</span> <span class='ocrx_word' id='word_1_34' title='bbox 303 903 422 980; x_wconf 88' lang='lat' dir='ltr'>spiritus</span> <span class='ocrx_word' id='word_1_35' title='bbox 438 907 556 964; x_wconf 85' lang='lat' dir='ltr'>sanetus</span> <span class='ocrx_word' id='word_1_36' title='bbox 576 905 670 965; x_wconf 87' lang='lat' dir='ltr'>minor</span> <span class='ocrx_word' id='word_1_37' title='bbox 688 905 821 978; x_wconf 86' lang='lat' dir='ltr'>ereditur,</span> <span class='ocrx_word' id='word_1_38' title='bbox 846 908 982 980; x_wconf 92' lang='lat' dir='ltr'>quomodo</span> <span class='ocrx_word' id='word_1_39' title='bbox 1002 925 1032 967; x_wconf 88' lang='lat' dir='ltr'>se</span> <span class='ocrx_word' id='word_1_40' title='bbox 1047 907 1123 968; x_wconf 85' lang='lat' dir='ltr'>filius</span> <span class='ocrx_word' id='word_1_41' title='bbox 1139 909 1214 968; x_wconf 89' lang='lat' dir='ltr'>siout</span> <span class='ocrx_word' id='word_1_42' title='bbox 1228 927 1245 968; x_wconf 88' lang='lat' dir='ltr'>a</span> <span class='ocrx_word' id='word_1_43' title='bbox 1259 913 1350 986; x_wconf 76' lang='lat' dir='ltr'>patio,</span> 
     </span>
     <span class='ocr_line' id='line_1_6' title="bbox 213 1009 1403 1090; baseline 0.008 -22"><span class='ocrx_word' id='word_1_44' title='bbox 213 1009 254 1068; x_wconf 84' lang='lat' dir='ltr'>ite</span> <span class='ocrx_word' id='word_1_45' title='bbox 269 1009 354 1068; x_wconf 85' lang='lat' dir='ltr'>etiam</span> <span class='ocrx_word' id='word_1_46' title='bbox 370 1028 387 1068; x_wconf 86' lang='lat' dir='ltr'>e</span> <span class='ocrx_word' id='word_1_47' title='bbox 402 1013 501 1070; x_wconf 86' lang='lat' dir='ltr'>sancto</span> <span class='ocrx_word' id='word_1_48' title='bbox 516 1011 621 1086; x_wconf 86' lang='lat' dir='ltr'>spiritu</span> <span class='ocrx_word' id='word_1_49' title='bbox 636 1011 755 1070; x_wconf 90' lang='lat' dir='ltr'>missum</span> <span class='ocrx_word' id='word_1_50' title='bbox 771 1029 835 1070; x_wconf 89' lang='lat' dir='ltr'>esse</span> <span class='ocrx_word' id='word_1_51' title='bbox 850 1015 993 1072; x_wconf 79' lang='lat' dir='ltr'>testetur?</span> <span class='ocrx_word' id='word_1_52' title='bbox 1020 1013 1140 1087; x_wconf 82' lang='lat' dir='ltr'>spiritus</span> <span class='ocrx_word' id='word_1_53' title='bbox 1156 1017 1274 1074; x_wconf 89' lang='lat' dir='ltr'>sanetus</span> <span class='ocrx_word' id='word_1_54' title='bbox 1290 1015 1351 1090; x_wconf 91' lang='lat' dir='ltr'>ipse</span> <span class='ocrx_word' id='word_1_55' title='bbox 1390 1037 1403 1078; x_wconf 87' lang='lat' dir='ltr'>s</span> 
     </span>
     <span class='ocr_line' id='line_1_7' title="bbox 213 1115 1350 1196; baseline 0.008 -24"><span class='ocrx_word' id='word_1_56' title='bbox 213 1115 323 1174; x_wconf 84' lang='lat' dir='ltr'>loeutus</span> <span class='ocrx_word' id='word_1_57' title='bbox 343 1117 388 1174; x_wconf 90' lang='lat' dir='ltr'>est</span> <span class='ocrx_word' id='word_1_58' title='bbox 403 1115 434 1174; x_wconf 90' lang='lat' dir='ltr'>in</span> <span class='ocrx_word' id='word_1_59' title='bbox 449 1116 596 1190; x_wconf 82' lang='lat' dir='ltr'>apostolis,</span> <span class='ocrx_word' id='word_1_60' title='bbox 619 1117 681 1192; x_wconf 89' lang='lat' dir='ltr'>ipse</span> <span class='ocrx_word' id='word_1_61' title='bbox 697 1117 828 1178; x_wconf 76' lang='lat' dir='ltr'>efferbuit</span> <span class='ocrx_word' id='word_1_62' title='bbox 844 1119 874 1176; x_wconf 91' lang='lat' dir='ltr'>in</span> <span class='ocrx_word' id='word_1_63' title='bbox 890 1117 1035 1193; x_wconf 85' lang='lat' dir='ltr'>prophetis</span> <span class='ocrx_word' id='word_1_64' title='bbox 1055 1119 1166 1179; x_wconf 80' lang='lat' dir='ltr'>dicente</span> <span class='ocrx_word' id='word_1_65' title='bbox 1185 1123 1268 1179; x_wconf 83' lang='lat' dir='ltr'>beato</span> <span class='ocrx_word' id='word_1_66' title='bbox 1283 1138 1350 1196; x_wconf 87' lang='lat' dir='ltr'>epo·</span> 
     </span>
     <span class='ocr_line' id='line_1_8' title="bbox 213 1221 1352 1297; baseline 0.006 -19"><span class='ocrx_word' id='word_1_67' title='bbox 213 1221 285 1281; x_wconf 87' lang='lat' dir='ltr'>stolo</span> <span class='ocrx_word' id='word_1_68' title='bbox 301 1223 386 1282; x_wconf 89' lang='lat' dir='ltr'>Petro</span> <span class='ocrx_word' id='word_1_69' title='bbox 402 1221 433 1280; x_wconf 94' lang='lat' dir='ltr'>in</span> <span class='ocrx_word' id='word_1_70' title='bbox 449 1221 572 1296; x_wconf 82' lang='lat' dir='ltr'>epistula</span> <span class='ocrx_word' id='word_1_71' title='bbox 588 1240 653 1282; x_wconf 88' lang='lat' dir='ltr'>sua:</span> <span class='ocrx_word' id='word_1_72' title='bbox 677 1240 758 1294; x_wconf 88' lang='lat' dir='ltr'>nou,</span> <span class='ocrx_word' id='word_1_73' title='bbox 782 1223 886 1297; x_wconf 88' lang='lat' dir='ltr'>inquit,</span> <span class='ocrx_word' id='word_1_74' title='bbox 910 1241 948 1283; x_wconf 86' lang='lat' dir='ltr'>ex</span> <span class='ocrx_word' id='word_1_75' title='bbox 963 1224 1160 1284; x_wconf 90' lang='lat' dir='ltr'>hominibus</span> <span class='ocrx_word' id='word_1_76' title='bbox 1176 1225 1284 1284; x_wconf 89' lang='lat' dir='ltr'>allata</span> <span class='ocrx_word' id='word_1_77' title='bbox 1298 1229 1352 1285; x_wconf 90' lang='lat' dir='ltr'>est</span> 
     </span>
     <span class='ocr_line' id='line_1_9' title="bbox 168 1326 1350 1402; baseline 0.005 -19"><span class='ocrx_word' id='word_1_78' title='bbox 168 1335 171 1350; x_wconf 87' lang='lat'>&#39;</span> <span class='ocrx_word' id='word_1_79' title='bbox 210 1326 406 1400; x_wconf 86' lang='lat' dir='ltr'>prophetia,</span> <span class='ocrx_word' id='word_1_80' title='bbox 431 1328 488 1386; x_wconf 89' lang='lat' dir='ltr'>sed</span> <span class='ocrx_word' id='word_1_81' title='bbox 512 1327 641 1401; x_wconf 85' lang='lat' dir='ltr'>spiritu</span> <span class='ocrx_word' id='word_1_82' title='bbox 664 1330 786 1387; x_wconf 82' lang='lat' dir='ltr'>saneto</span> <span class='ocrx_word' id='word_1_83' title='bbox 809 1327 978 1402; x_wconf 88' lang='lat' dir='ltr'>inspirati</span> <span class='ocrx_word' id='word_1_84' title='bbox 1002 1329 1109 1388; x_wconf 81' lang='lat' dir='ltr'>locuti</span> <span class='ocrx_word' id='word_1_85' title='bbox 1130 1332 1213 1388; x_wconf 91' lang='lat' dir='ltr'>sunt</span> <span class='ocrx_word' id='word_1_86' title='bbox 1232 1330 1350 1390; x_wconf 84' lang='lat' dir='ltr'>saneti</span> 
     </span>
     <span class='ocr_line' id='line_1_10' title="bbox 212 1431 1350 1509; baseline 0.005 -21"><span class='ocrx_word' id='word_1_87' title='bbox 212 1431 261 1489; x_wconf 90' lang='lat' dir='ltr'>dei</span> <span class='ocrx_word' id='word_1_88' title='bbox 278 1431 440 1490; x_wconf 90' lang='lat' dir='ltr'>homines.</span> <span class='ocrx_word' id='word_1_89' title='bbox 469 1435 498 1491; x_wconf 88' lang='lat' dir='ltr'>et</span> <span class='ocrx_word' id='word_1_90' title='bbox 512 1433 639 1493; x_wconf 82' lang='lat' dir='ltr'>saluatur</span> <span class='ocrx_word' id='word_1_91' title='bbox 653 1433 685 1492; x_wconf 93' lang='lat' dir='ltr'>in</span> <span class='ocrx_word' id='word_1_92' title='bbox 698 1433 841 1494; x_wconf 85' lang='lat' dir='ltr'>Matthaeo</span> <span class='ocrx_word' id='word_1_93' title='bbox 856 1433 898 1492; x_wconf 83' lang='lat' dir='ltr'>ita</span> <span class='ocrx_word' id='word_1_94' title='bbox 909 1433 950 1492; x_wconf 87' lang='lat' dir='ltr'>ait</span> <span class='ocrx_word' id='word_1_95' title='bbox 961 1435 996 1492; x_wconf 91' lang='lat' dir='ltr'>ad</span> <span class='ocrx_word' id='word_1_96' title='bbox 1008 1434 1162 1509; x_wconf 83' lang='lat' dir='ltr'>discipulos</span> <span class='ocrx_word' id='word_1_97' title='bbox 1174 1451 1254 1494; x_wconf 89' lang='lat' dir='ltr'>suos:</span> <span class='ocrx_word' id='word_1_98' title='bbox 1272 1452 1350 1507; x_wconf 88' lang='lat' dir='ltr'>non,</span> 
     </span>
     <span class='ocr_line' id='line_1_11' title="bbox 216 1535 1403 1614; baseline 0.007 -21"><span class='ocrx_word' id='word_1_99' title='bbox 216 1535 320 1609; x_wconf 90' lang='lat' dir='ltr'>inquit,</span> <span class='ocrx_word' id='word_1_100' title='bbox 338 1554 396 1597; x_wconf 88' lang='lat' dir='ltr'>uos</span> <span class='ocrx_word' id='word_1_101' title='bbox 409 1537 509 1608; x_wconf 81' lang='lat' dir='ltr'>ostie,</span> <span class='ocrx_word' id='word_1_102' title='bbox 526 1539 583 1612; x_wconf 92' lang='lat' dir='ltr'>qui</span> <span class='ocrx_word' id='word_1_103' title='bbox 596 1537 791 1612; x_wconf 87' lang='lat' dir='ltr'><strong>loquimini,</strong></span> <span class='ocrx_word' id='word_1_104' title='bbox 808 1539 864 1598; x_wconf 89' lang='lat' dir='ltr'>sed</span> <span class='ocrx_word' id='word_1_105' title='bbox 877 1539 1190 1614; x_wconf 89' lang='lat' dir='ltr'>spiritussanetus.</span> <span class='ocrx_word' id='word_1_106' title='bbox 1219 1539 1352 1599; x_wconf 87' lang='lat' dir='ltr'>similiter</span> <span class='ocrx_word' id='word_1_107' title='bbox 1379 1562 1403 1602; x_wconf 88' lang='lat' dir='ltr'><strong>m</strong></span> 
     </span>
     <span class='ocr_line' id='line_1_12' title="bbox 212 1641 1352 1719; baseline 0.005 -21"><span class='ocrx_word' id='word_1_108' title='bbox 212 1643 241 1698; x_wconf 92' lang='lat' dir='ltr'>et</span> <span class='ocrx_word' id='word_1_109' title='bbox 259 1641 350 1700; x_wconf 87' lang='lat' dir='ltr'>Dauid</span> <span class='ocrx_word' id='word_1_110' title='bbox 366 1643 469 1717; x_wconf 89' lang='lat' dir='ltr'>plenus</span> <span class='ocrx_word' id='word_1_111' title='bbox 486 1642 589 1717; x_wconf 86' lang='lat' dir='ltr'>spiritu</span> <span class='ocrx_word' id='word_1_112' title='bbox 605 1647 704 1702; x_wconf 89' lang='lat' dir='ltr'>saneto</span> <span class='ocrx_word' id='word_1_113' title='bbox 720 1645 758 1714; x_wconf 90' lang='lat' dir='ltr'>et,</span> <span class='ocrx_word' id='word_1_114' title='bbox 782 1643 831 1718; x_wconf 94' lang='lat' dir='ltr'>qui</span> <span class='ocrx_word' id='word_1_115' title='bbox 850 1661 901 1719; x_wconf 90' lang='lat' dir='ltr'>per</span> <span class='ocrx_word' id='word_1_116' title='bbox 920 1661 983 1703; x_wconf 91' lang='lat' dir='ltr'>eum</span> <span class='ocrx_word' id='word_1_117' title='bbox 999 1644 1175 1718; x_wconf 81' lang='lat' dir='ltr'>loquebatur,</span> <span class='ocrx_word' id='word_1_118' title='bbox 1198 1643 1352 1704; x_wconf 80' lang='lat' dir='ltr'>manifesta</span> 
     </span>
     <span class='ocr_line' id='line_1_13' title="bbox 216 1725 1351 1824; baseline 0.004 -21"><span class='ocrx_word' id='word_1_119' title='bbox 216 1761 283 1804; x_wconf 86' lang='lat' dir='ltr'>uoce</span> <span class='ocrx_word' id='word_1_120' title='bbox 302 1747 471 1820; x_wconf 87' lang='lat' dir='ltr'>pronuntiat</span> <span class='ocrx_word' id='word_1_121' title='bbox 490 1747 600 1806; x_wconf 83' lang='lat' dir='ltr'>dicens:</span> <span class='ocrx_word' id='word_1_122' title='bbox 624 1749 770 1820; x_wconf 88' lang='lat' dir='ltr'>audiam,</span> <span class='ocrx_word' id='word_1_123' title='bbox 794 1748 872 1824; x_wconf 90' lang='lat' dir='ltr'>quid</span> <span class='ocrx_word' id='word_1_124' title='bbox 893 1725 1053 1822; x_wconf 83' lang='lat' dir='ltr'>loquetur</span> <span class='ocrx_word' id='word_1_125' title='bbox 1073 1748 1108 1806; x_wconf 92' lang='lat' dir='ltr'>in</span> <span class='ocrx_word' id='word_1_126' title='bbox 1127 1765 1175 1808; x_wconf 90' lang='lat' dir='ltr'>me</span> <span class='ocrx_word' id='word_1_127' title='bbox 1195 1749 1351 1809; x_wconf 87' lang='lat' dir='ltr'>dominus</span> 
     </span>
     <span class='ocr_line' id='line_1_14' title="bbox 214 1851 1349 1928; baseline 0.004 -20"><span class='ocrx_word' id='word_1_128' title='bbox 214 1851 304 1910; x_wconf 88' lang='lat' dir='ltr'>deus.</span> <span class='ocrx_word' id='word_1_129' title='bbox 335 1853 447 1926; x_wconf 91' lang='lat' dir='ltr'>quando</span> <span class='ocrx_word' id='word_1_130' title='bbox 461 1869 526 1927; x_wconf 83' lang='lat' dir='ltr'>ergo</span> <span class='ocrx_word' id='word_1_131' title='bbox 543 1871 613 1911; x_wconf 86' lang='lat' dir='ltr'>uasa</span> <span class='ocrx_word' id='word_1_132' title='bbox 628 1853 672 1912; x_wconf 93' lang='lat' dir='ltr'>dei</span> <span class='ocrx_word' id='word_1_133' title='bbox 692 1855 790 1913; x_wconf 87' lang='lat' dir='ltr'>saneto</span> <span class='ocrx_word' id='word_1_134' title='bbox 811 1853 913 1928; x_wconf 86' lang='lat' dir='ltr'>spiritu</span> <span class='ocrx_word' id='word_1_135' title='bbox 930 1852 1008 1912; x_wconf 79' lang='lat' dir='ltr'>ebrie</span> <span class='ocrx_word' id='word_1_136' title='bbox 1023 1853 1178 1928; x_wconf 86' lang='lat' dir='ltr'>loquuntur</span> <span class='ocrx_word' id='word_1_137' title='bbox 1193 1857 1222 1912; x_wconf 89' lang='lat' dir='ltr'>et</span> <span class='ocrx_word' id='word_1_138' title='bbox 1237 1854 1349 1914; x_wconf 90' lang='lat' dir='ltr'>dieunt:</span> 
     </span>
     <span class='ocr_line' id='line_1_15' title="bbox 212 1935 1350 2018; baseline 0.004 -4"><span class='ocrx_word' id='word_1_139' title='bbox 212 1955 293 2014; x_wconf 88' lang='lat' dir='ltr'>haee</span> <span class='ocrx_word' id='word_1_140' title='bbox 312 1935 397 2015; x_wconf 86' lang='lat' dir='ltr'>dieit</span> <span class='ocrx_word' id='word_1_141' title='bbox 417 1957 570 2016; x_wconf 88' lang='lat' dir='ltr'>dominus</span> <span class='ocrx_word' id='word_1_142' title='bbox 591 1959 671 2016; x_wconf 90' lang='lat' dir='ltr'>deus</span> <span class='ocrx_word' id='word_1_143' title='bbox 694 1958 753 2016; x_wconf 92' lang='lat' dir='ltr'>uel:</span> <span class='ocrx_word' id='word_1_144' title='bbox 777 1959 858 2017; x_wconf 91' lang='lat' dir='ltr'>deus</span> <span class='ocrx_word' id='word_1_145' title='bbox 882 1960 1017 2016; x_wconf 83' lang='lat' dir='ltr'>deorum</span> <span class='ocrx_word' id='word_1_146' title='bbox 1037 1958 1193 2018; x_wconf 92' lang='lat' dir='ltr'>dominus</span> <span class='ocrx_word' id='word_1_147' title='bbox 1213 1959 1350 2018; x_wconf 87' lang='lat' dir='ltr'>loeutus</span> 
     </span>
    </p>
   </div>
   <div class='ocr_carea' id='block_1_3' title="bbox 211 2060 1403 2556">
    <p class='ocr_par' dir='ltr' id='par_1_4' title="bbox 211 2060 1403 2556">
     <span class='ocr_line' id='line_1_16' title="bbox 211 2060 1403 2136; baseline 0.005 -20"><span class='ocrx_word' id='word_1_148' title='bbox 211 2063 277 2130; x_wconf 88' lang='lat' dir='ltr'>est,</span> <span class='ocrx_word' id='word_1_149' title='bbox 293 2060 370 2120; x_wconf 88' lang='lat' dir='ltr'>hune</span> <span class='ocrx_word' id='word_1_150' title='bbox 385 2061 529 2120; x_wconf 92' lang='lat' dir='ltr'>dominum</span> <span class='ocrx_word' id='word_1_151' title='bbox 545 2064 627 2121; x_wconf 93' lang='lat' dir='ltr'>deum</span> <span class='ocrx_word' id='word_1_152' title='bbox 643 2062 775 2136; x_wconf 78' lang='lat' dir='ltr'>spiritum</span> <span class='ocrx_word' id='word_1_153' title='bbox 792 2065 924 2122; x_wconf 86' lang='lat' dir='ltr'>sanetum</span> <span class='ocrx_word' id='word_1_154' title='bbox 939 2061 1124 2122; x_wconf 86' lang='lat' dir='ltr'>menifestum</span> <span class='ocrx_word' id='word_1_155' title='bbox 1140 2065 1193 2124; x_wconf 85' lang='lat' dir='ltr'>est.</span> <span class='ocrx_word' id='word_1_156' title='bbox 1379 2085 1403 2124; x_wconf 81' lang='lat' dir='ltr'><strong>m</strong></span> 
     </span>
     <span class='ocr_line' id='line_1_17' title="bbox 254 2165 1350 2242; baseline 0.004 -20"><span class='ocrx_word' id='word_1_157' title='bbox 254 2165 291 2222; x_wconf 79' lang='lat' dir='ltr'>Et</span> <span class='ocrx_word' id='word_1_158' title='bbox 313 2167 348 2224; x_wconf 93' lang='lat' dir='ltr'>ad</span> <span class='ocrx_word' id='word_1_159' title='bbox 368 2165 529 2226; x_wconf 81' lang='lat' dir='ltr'>Corinthios</span> <span class='ocrx_word' id='word_1_160' title='bbox 552 2169 633 2226; x_wconf 90' lang='lat' dir='ltr'>deum</span> <span class='ocrx_word' id='word_1_161' title='bbox 657 2185 720 2225; x_wconf 91' lang='lat' dir='ltr'>esse</span> <span class='ocrx_word' id='word_1_162' title='bbox 743 2167 875 2242; x_wconf 83' lang='lat' dir='ltr'>spiritum</span> <span class='ocrx_word' id='word_1_163' title='bbox 896 2169 1027 2226; x_wconf 85' lang='lat' dir='ltr'>sanetum</span> <span class='ocrx_word' id='word_1_164' title='bbox 1048 2167 1195 2226; x_wconf 86' lang='lat' dir='ltr'>euidenter</span> <span class='ocrx_word' id='word_1_165' title='bbox 1215 2168 1350 2240; x_wconf 87' lang='lat' dir='ltr'>ostendit,</span> 
     </span>
     <span class='ocr_line' id='line_1_18' title="bbox 212 2269 1350 2346; baseline 0.004 -19"><span class='ocrx_word' id='word_1_166' title='bbox 212 2269 277 2328; x_wconf 89' lang='lat' dir='ltr'>dum</span> <span class='ocrx_word' id='word_1_167' title='bbox 293 2270 375 2328; x_wconf 89' lang='lat' dir='ltr'>dioit:</span> <span class='ocrx_word' id='word_1_168' title='bbox 400 2287 458 2328; x_wconf 88' lang='lat' dir='ltr'>uos</span> <span class='ocrx_word' id='word_1_169' title='bbox 479 2271 566 2330; x_wconf 87' lang='lat' dir='ltr'>estis</span> <span class='ocrx_word' id='word_1_170' title='bbox 586 2271 746 2346; x_wconf 92' lang='lat' dir='ltr'>templum</span> <span class='ocrx_word' id='word_1_171' title='bbox 766 2272 826 2330; x_wconf 91' lang='lat' dir='ltr'>dei.</span> <span class='ocrx_word' id='word_1_172' title='bbox 859 2271 971 2346; x_wconf 89' lang='lat' dir='ltr'>etquis</span> <span class='ocrx_word' id='word_1_173' title='bbox 991 2275 1068 2330; x_wconf 87' lang='lat' dir='ltr'>esset</span> <span class='ocrx_word' id='word_1_174' title='bbox 1087 2272 1133 2330; x_wconf 91' lang='lat' dir='ltr'>hio</span> <span class='ocrx_word' id='word_1_175' title='bbox 1149 2273 1227 2342; x_wconf 89' lang='lat' dir='ltr'>deus,</span> <span class='ocrx_word' id='word_1_176' title='bbox 1252 2289 1350 2332; x_wconf 90' lang='lat' dir='ltr'>oense·</span> 
     </span>
     <span class='ocr_line' id='line_1_19' title="bbox 213 2375 1351 2451; baseline 0.004 -20"><span class='ocrx_word' id='word_1_177' title='bbox 213 2377 333 2447; x_wconf 82' lang='lat' dir='ltr'>quentei·</span> <span class='ocrx_word' id='word_1_178' title='bbox 355 2376 466 2434; x_wconf 84' lang='lat' dir='ltr'>edocuit</span> <span class='ocrx_word' id='word_1_179' title='bbox 486 2375 525 2434; x_wconf 83' lang='lat' dir='ltr'>itu</span> <span class='ocrx_word' id='word_1_180' title='bbox 545 2377 656 2434; x_wconf 84' lang='lat' dir='ltr'>dicens:</span> <span class='ocrx_word' id='word_1_181' title='bbox 681 2376 843 2451; x_wconf 82' lang='lat' dir='ltr'>spiritus,</span> <span class='ocrx_word' id='word_1_182' title='bbox 868 2377 972 2450; x_wconf 86' lang='lat' dir='ltr'>inquit,</span> <span class='ocrx_word' id='word_1_183' title='bbox 996 2379 1139 2435; x_wconf 86' lang='lat' dir='ltr'>sanetus</span> <span class='ocrx_word' id='word_1_184' title='bbox 1160 2377 1351 2436; x_wconf 84' lang='lat' dir='ltr'>habitatin</span> 
     </span>
     <span class='ocr_line' id='line_1_20' title="bbox 213 2479 1350 2556; baseline 0.004 -20"><span class='ocrx_word' id='word_1_185' title='bbox 213 2479 319 2537; x_wconf 84' lang='lat' dir='ltr'>uobis.</span> <span class='ocrx_word' id='word_1_186' title='bbox 346 2481 416 2538; x_wconf 90' lang='lat' dir='ltr'>deus</span> <span class='ocrx_word' id='word_1_187' title='bbox 431 2497 497 2554; x_wconf 80' lang='lat' dir='ltr'>engo</span> <span class='ocrx_word' id='word_1_188' title='bbox 513 2481 611 2556; x_wconf 87' lang='lat' dir='ltr'>templi</span> <span class='ocrx_word' id='word_1_189' title='bbox 627 2483 656 2540; x_wconf 87' lang='lat' dir='ltr'>ot</span> <span class='ocrx_word' id='word_1_190' title='bbox 671 2481 790 2556; x_wconf 85' lang='lat' dir='ltr'>spiritus</span> <span class='ocrx_word' id='word_1_191' title='bbox 806 2485 924 2540; x_wconf 82' lang='lat' dir='ltr'>sanetus</span> <span class='ocrx_word' id='word_1_192' title='bbox 940 2481 1082 2540; x_wconf 82' lang='lat' dir='ltr'>habitator</span> <span class='ocrx_word' id='word_1_193' title='bbox 1097 2481 1195 2556; x_wconf 90' lang='lat' dir='ltr'>templi</span> <span class='ocrx_word' id='word_1_194' title='bbox 1213 2499 1270 2540; x_wconf 87' lang='lat' dir='ltr'>una</span> <span class='ocrx_word' id='word_1_195' title='bbox 1285 2499 1350 2556; x_wconf 87' lang='lat' dir='ltr'>per-</span> 
     </span>
    </p>
   </div>
   <div class='ocr_carea' id='block_1_4' title="bbox 211 2585 1403 2766">
    <p class='ocr_par' dir='ltr' id='par_1_5' title="bbox 211 2585 1403 2766">
     <span class='ocr_line' id='line_1_21' title="bbox 211 2585 1403 2660; baseline 0.003 -18"><span class='ocrx_word' id='word_1_196' title='bbox 211 2601 282 2642; x_wconf 88' lang='lat' dir='ltr'>sone</span> <span class='ocrx_word' id='word_1_197' title='bbox 297 2587 349 2643; x_wconf 89' lang='lat' dir='ltr'>est.</span> <span class='ocrx_word' id='word_1_198' title='bbox 378 2587 407 2643; x_wconf 91' lang='lat' dir='ltr'>et</span> <span class='ocrx_word' id='word_1_199' title='bbox 421 2585 452 2643; x_wconf 92' lang='lat' dir='ltr'>in</span> <span class='ocrx_word' id='word_1_200' title='bbox 468 2585 578 2644; x_wconf 82' lang='lat' dir='ltr'>actibus</span> <span class='ocrx_word' id='word_1_201' title='bbox 595 2586 783 2660; x_wconf 80' lang='lat' dir='ltr'>apostolorum</span> <span class='ocrx_word' id='word_1_202' title='bbox 796 2587 899 2644; x_wconf 83' lang='lat' dir='ltr'>Petrus</span> <span class='ocrx_word' id='word_1_203' title='bbox 912 2585 1058 2644; x_wconf 85' lang='lat' dir='ltr'>euidenter</span> <span class='ocrx_word' id='word_1_204' title='bbox 1073 2587 1106 2644; x_wconf 93' lang='lat' dir='ltr'>de</span> <span class='ocrx_word' id='word_1_205' title='bbox 1122 2586 1216 2644; x_wconf 86' lang='lat' dir='ltr'>saneti</span> <span class='ocrx_word' id='word_1_206' title='bbox 1231 2586 1350 2660; x_wconf 82' lang='lat' dir='ltr'>spiritus</span> <span class='ocrx_word' id='word_1_207' title='bbox 1377 2611 1403 2648; x_wconf 83' lang='lat' dir='ltr'>so</span> 
     </span>
     <span class='ocr_line' id='line_1_22' title="bbox 212 2689 1349 2766; baseline 0.003 -19"><span class='ocrx_word' id='word_1_208' title='bbox 212 2689 315 2748; x_wconf 87' lang='lat' dir='ltr'>deitate</span> <span class='ocrx_word' id='word_1_209' title='bbox 335 2691 377 2749; x_wconf 86' lang='lat' dir='ltr'>ite</span> <span class='ocrx_word' id='word_1_210' title='bbox 395 2692 430 2749; x_wconf 90' lang='lat' dir='ltr'>ad</span> <span class='ocrx_word' id='word_1_211' title='bbox 446 2691 589 2750; x_wconf 82' lang='lat' dir='ltr'>Ananiam</span> <span class='ocrx_word' id='word_1_212' title='bbox 609 2692 690 2750; x_wconf 83' lang='lat' dir='ltr'>dicit:</span> <span class='ocrx_word' id='word_1_213' title='bbox 715 2692 791 2766; x_wconf 91' lang='lat' dir='ltr'>quis</span> <span class='ocrx_word' id='word_1_214' title='bbox 810 2693 843 2750; x_wconf 86' lang='lat' dir='ltr'>to</span> <span class='ocrx_word' id='word_1_215' title='bbox 862 2691 1002 2751; x_wconf 84' lang='lat' dir='ltr'>mentiri</span> <span class='ocrx_word' id='word_1_216' title='bbox 1022 2691 1186 2766; x_wconf 76' lang='lat' dir='ltr'>compulit</span> <span class='ocrx_word' id='word_1_217' title='bbox 1207 2689 1349 2766; x_wconf 87' lang='lat' dir='ltr'>spiritui</span> 
     </span>
    </p>
   </div>
   <div class='ocr_carea' id='block_1_5' title="bbox 212 2877 1350 3036">
    <p class='ocr_par' dir='ltr' id='par_1_6' title="bbox 212 2877 1350 3036">
     <span class='ocr_line' id='line_1_23' title="bbox 316 2877 1350 2948; baseline -0.002 -15"><span class='ocrx_word' id='word_1_218' title='bbox 316 2878 344 2948; x_wconf 84' lang='lat'>2]</span> <span class='ocrx_word' id='word_1_219' title='bbox 364 2877 516 2942; x_wconf 72' lang='lat' dir='ltr'>usuale.</span> <span class='ocrx_word' id='word_1_220' title='bbox 571 2879 722 2948; x_wconf 64' lang='lat' dir='ltr'>uapor.</span> <span class='ocrx_word' id='word_1_221' title='bbox 738 2881 760 2942; x_wconf 93' lang='lat'>1,</span> <span class='ocrx_word' id='word_1_222' title='bbox 773 2882 814 2934; x_wconf 84' lang='lat'>21.</span> <span class='ocrx_word' id='word_1_223' title='bbox 871 2878 897 2948; x_wconf 90' lang='lat'>9]</span> <span class='ocrx_word' id='word_1_224' title='bbox 917 2879 1123 2942; x_wconf 55' lang='lat' dir='ltr'>Multumque.</span> <span class='ocrx_word' id='word_1_225' title='bbox 1187 2877 1350 2947; x_wconf 79' lang='lat' dir='ltr'>121Psa1m.</span> 
     </span>
     <span class='ocr_line' id='line_1_24' title="bbox 212 2963 1067 3036; baseline 0 -17"><span class='ocrx_word' id='word_1_226' title='bbox 212 2967 289 3028; x_wconf 68' lang='lat' dir='ltr'>edo.</span> <span class='ocrx_word' id='word_1_227' title='bbox 346 2963 594 3034; x_wconf 65' lang='lat' dir='ltr'>micenam.</span> <span class='ocrx_word' id='word_1_228' title='bbox 650 2965 693 3036; x_wconf 90' lang='lat'>18]</span> <span class='ocrx_word' id='word_1_229' title='bbox 712 2965 776 3020; x_wconf 90' lang='lat' dir='ltr'>ibid.</span> <span class='ocrx_word' id='word_1_230' title='bbox 830 2965 876 3036; x_wconf 84' lang='lat'>21]</span> <span class='ocrx_word' id='word_1_231' title='bbox 895 2965 954 3019; x_wconf 79' lang='lat' dir='ltr'>nel.</span> <span class='ocrx_word' id='word_1_232' title='bbox 969 2967 1067 3029; x_wconf 80' lang='lat'>5,3.4.</span> 
     </span>
    </p>
   </div>
   <div class='ocr_carea' id='block_1_6' title="bbox 204 3155 1353 4444">
    <p class='ocr_par' dir='ltr' id='par_1_7' title="bbox 204 3155 1353 4444">
     <span class='ocr_line' id='line_1_25' title="bbox 255 3155 1353 3228; baseline -0.002 -16"><span class='ocrx_word' id='word_1_233' title='bbox 255 3159 271 3212; x_wconf 87' lang='grc'><strong>5</strong></span> <span class='ocrx_word' id='word_1_234' title='bbox 290 3155 384 3225; x_wconf 88' lang='lat' dir='ltr'>spiritu</span> <span class='ocrx_word' id='word_1_235' title='bbox 404 3161 495 3210; x_wconf 82' lang='lat' dir='ltr'>saneto</span> <span class='ocrx_word' id='word_1_236' title='bbox 514 3159 585 3228; x_wconf 41' lang='lat' dir='ltr'>slep.</span> <span class='ocrx_word' id='word_1_237' title='bbox 639 3160 654 3212; x_wconf 85' lang='grc'><strong>7</strong></span> <span class='ocrx_word' id='word_1_238' title='bbox 673 3160 707 3226; x_wconf 81' lang='lat' dir='ltr'>cf.</span> <span class='ocrx_word' id='word_1_239' title='bbox 723 3157 804 3212; x_wconf 85' lang='lat' dir='ltr'>Piiru</span> <span class='ocrx_word' id='word_1_240' title='bbox 817 3175 846 3227; x_wconf 81' lang='lat' dir='ltr'>p.</span> <span class='ocrx_word' id='word_1_241' title='bbox 861 3161 925 3211; x_wconf 83' lang='lat'><em>151:</em></span> <span class='ocrx_word' id='word_1_242' title='bbox 942 3157 1039 3210; x_wconf 86' lang='lat' dir='ltr'>Petrus</span> <span class='ocrx_word' id='word_1_243' title='bbox 1052 3155 1186 3226; x_wconf 83' lang='lat' dir='ltr'>apostolus</span> <span class='ocrx_word' id='word_1_244' title='bbox 1199 3156 1226 3210; x_wconf 90' lang='lat' dir='ltr'>in</span> <span class='ocrx_word' id='word_1_245' title='bbox 1240 3157 1353 3226; x_wconf 79' lang='lat' dir='ltr'>epistole</span> 
     </span>
     <span class='ocr_line' id='line_1_26' title="bbox 211 3243 1352 3314; baseline 0.002 -20"><span class='ocrx_word' id='word_1_246' title='bbox 211 3259 271 3295; x_wconf 86' lang='lat' dir='ltr'>sue:</span> <span class='ocrx_word' id='word_1_247' title='bbox 296 3259 357 3310; x_wconf 91' lang='lat' dir='ltr'>non,</span> <span class='ocrx_word' id='word_1_248' title='bbox 380 3243 476 3312; x_wconf 90' lang='lat' dir='ltr'>inquit,</span> <span class='ocrx_word' id='word_1_249' title='bbox 498 3261 528 3296; x_wconf 86' lang='lat' dir='ltr'>ex</span> <span class='ocrx_word' id='word_1_250' title='bbox 550 3243 658 3298; x_wconf 90' lang='lat' dir='ltr'>homine</span> <span class='ocrx_word' id='word_1_251' title='bbox 681 3243 770 3298; x_wconf 83' lang='lat' dir='ltr'>adleta</span> <span class='ocrx_word' id='word_1_252' title='bbox 788 3247 829 3298; x_wconf 88' lang='lat' dir='ltr'>est</span> <span class='ocrx_word' id='word_1_253' title='bbox 847 3243 993 3314; x_wconf 85' lang='lat' dir='ltr'>prophetia,</span> <span class='ocrx_word' id='word_1_254' title='bbox 1018 3243 1064 3297; x_wconf 92' lang='lat' dir='ltr'>sed</span> <span class='ocrx_word' id='word_1_255' title='bbox 1086 3243 1182 3312; x_wconf 87' lang='lat' dir='ltr'>spiritu</span> <span class='ocrx_word' id='word_1_256' title='bbox 1201 3247 1292 3297; x_wconf 83' lang='lat' dir='ltr'>saneto</span> <span class='ocrx_word' id='word_1_257' title='bbox 1312 3244 1352 3297; x_wconf 90' lang='lat' dir='ltr'>in-</span> 
     </span>
     <span class='ocr_line' id='line_1_27' title="bbox 213 3329 1351 3400; baseline 0.002 -18"><span class='ocrx_word' id='word_1_258' title='bbox 213 3329 306 3398; x_wconf 84' lang='lat' dir='ltr'>spirati</span> <span class='ocrx_word' id='word_1_259' title='bbox 324 3329 405 3384; x_wconf 85' lang='lat' dir='ltr'>locuti</span> <span class='ocrx_word' id='word_1_260' title='bbox 418 3333 481 3384; x_wconf 89' lang='lat' dir='ltr'>sunt</span> <span class='ocrx_word' id='word_1_261' title='bbox 494 3331 579 3384; x_wconf 85' lang='lat' dir='ltr'>saneti</span> <span class='ocrx_word' id='word_1_262' title='bbox 592 3331 635 3384; x_wconf 91' lang='lat' dir='ltr'>dei</span> <span class='ocrx_word' id='word_1_263' title='bbox 647 3331 776 3386; x_wconf 84' lang='lat' dir='ltr'>homines.</span> <span class='ocrx_word' id='word_1_264' title='bbox 801 3330 890 3384; x_wconf 80' lang='lat' dir='ltr'>Dauid</span> <span class='ocrx_word' id='word_1_265' title='bbox 904 3347 1007 3400; x_wconf 88' lang='lat' dir='ltr'>quoque</span> <span class='ocrx_word' id='word_1_266' title='bbox 1021 3330 1116 3400; x_wconf 84' lang='lat' dir='ltr'>spiritu</span> <span class='ocrx_word' id='word_1_267' title='bbox 1130 3333 1222 3384; x_wconf 83' lang='lat' dir='ltr'>saneto</span> <span class='ocrx_word' id='word_1_268' title='bbox 1235 3329 1351 3399; x_wconf 84' lang='lat' dir='ltr'>repletus</span> 
     </span>
     <span class='ocr_line' id='line_1_28' title="bbox 211 3415 1352 3486; baseline 0.002 -18"><span class='ocrx_word' id='word_1_269' title='bbox 211 3418 239 3469; x_wconf 91' lang='lat' dir='ltr'>et</span> <span class='ocrx_word' id='word_1_270' title='bbox 261 3416 348 3484; x_wconf 80' lang='lat' dir='ltr'>gratie</span> <span class='ocrx_word' id='word_1_271' title='bbox 370 3417 449 3472; x_wconf 87' lang='lat' dir='ltr'>huius</span> <span class='ocrx_word' id='word_1_272' title='bbox 473 3417 582 3472; x_wconf 86' lang='lat' dir='ltr'>uirtutis</span> <span class='ocrx_word' id='word_1_273' title='bbox 606 3417 712 3472; x_wconf 82' lang='lat' dir='ltr'>afflatus</span> <span class='ocrx_word' id='word_1_274' title='bbox 736 3418 774 3472; x_wconf 82' lang='lat' dir='ltr'>ile</span> <span class='ocrx_word' id='word_1_275' title='bbox 797 3417 875 3472; x_wconf 84' lang='lat' dir='ltr'>dicit:</span> <span class='ocrx_word' id='word_1_276' title='bbox 899 3417 1014 3481; x_wconf 85' lang='lat' dir='ltr'>audiam,</span> <span class='ocrx_word' id='word_1_277' title='bbox 1037 3415 1101 3486; x_wconf 91' lang='lat' dir='ltr'>quid</span> <span class='ocrx_word' id='word_1_278' title='bbox 1126 3415 1245 3485; x_wconf 90' lang='lat' dir='ltr'>loquitur</span> <span class='ocrx_word' id='word_1_279' title='bbox 1262 3417 1290 3470; x_wconf 92' lang='lat' dir='ltr'>in</span> <span class='ocrx_word' id='word_1_280' title='bbox 1310 3433 1352 3471; x_wconf 88' lang='lat' dir='ltr'>mo</span> 
     </span>
     <span class='ocr_line' id='line_1_29' title="bbox 213 3502 1351 3574; baseline 0.002 -18"><span class='ocrx_word' id='word_1_281' title='bbox 213 3502 335 3557; x_wconf 89' lang='lat' dir='ltr'>dominus</span> <span class='ocrx_word' id='word_1_282' title='bbox 354 3519 435 3558; x_wconf 86' lang='lat' dir='ltr'>mans.</span> <span class='ocrx_word' id='word_1_283' title='bbox 467 3504 546 3558; x_wconf 91' lang='lat' dir='ltr'>deum</span> <span class='ocrx_word' id='word_1_284' title='bbox 566 3504 598 3558; x_wconf 91' lang='lat' dir='ltr'>de</span> <span class='ocrx_word' id='word_1_285' title='bbox 617 3521 644 3558; x_wconf 91' lang='lat' dir='ltr'>se</span> <span class='ocrx_word' id='word_1_286' title='bbox 663 3505 736 3573; x_wconf 91' lang='lat' dir='ltr'>loqui</span> <span class='ocrx_word' id='word_1_287' title='bbox 755 3509 847 3560; x_wconf 79' lang='lat' dir='ltr'>saneto</span> <span class='ocrx_word' id='word_1_288' title='bbox 865 3505 1047 3558; x_wconf 83' lang='lat' dir='ltr'>inflammatus</span> <span class='ocrx_word' id='word_1_289' title='bbox 1066 3504 1161 3574; x_wconf 85' lang='lat' dir='ltr'>spiritu</span> <span class='ocrx_word' id='word_1_290' title='bbox 1180 3507 1351 3574; x_wconf 79' lang='lat' dir='ltr'>protestetur.</span> 
     </span>
     <span class='ocr_line' id='line_1_30' title="bbox 213 3590 1352 3662; baseline 0.002 -20"><span class='ocrx_word' id='word_1_291' title='bbox 213 3597 238 3643; x_wconf 89' lang='lat' dir='ltr'>et</span> <span class='ocrx_word' id='word_1_292' title='bbox 257 3590 374 3644; x_wconf 73' lang='lat' dir='ltr'>salutator</span> <span class='ocrx_word' id='word_1_293' title='bbox 391 3591 420 3645; x_wconf 93' lang='lat' dir='ltr'>in</span> <span class='ocrx_word' id='word_1_294' title='bbox 438 3591 573 3645; x_wconf 79' lang='lat' dir='ltr'>Matthaoo</span> <span class='ocrx_word' id='word_1_295' title='bbox 592 3591 625 3645; x_wconf 86' lang='lat' dir='ltr'>ed</span> <span class='ocrx_word' id='word_1_296' title='bbox 645 3591 789 3662; x_wconf 87' lang='lat' dir='ltr'>discipulos</span> <span class='ocrx_word' id='word_1_297' title='bbox 808 3609 868 3645; x_wconf 90' lang='lat' dir='ltr'>suos</span> <span class='ocrx_word' id='word_1_298' title='bbox 888 3592 966 3646; x_wconf 84' lang='lat' dir='ltr'>dixit:</span> <span class='ocrx_word' id='word_1_299' title='bbox 989 3608 1041 3645; x_wconf 92' lang='lat' dir='ltr'>non</span> <span class='ocrx_word' id='word_1_300' title='bbox 1060 3592 1132 3645; x_wconf 90' lang='lat' dir='ltr'>enim</span> <span class='ocrx_word' id='word_1_301' title='bbox 1151 3607 1198 3644; x_wconf 90' lang='lat' dir='ltr'>uos</span> <span class='ocrx_word' id='word_1_302' title='bbox 1216 3591 1287 3654; x_wconf 87' lang='lat' dir='ltr'>estis,</span> <span class='ocrx_word' id='word_1_303' title='bbox 1307 3591 1352 3659; x_wconf 88' lang='lat' dir='ltr'>qni</span> 
     </span>
     <span class='ocr_line' id='line_1_31' title="bbox 211 3676 1352 3748; baseline 0 -18"><span class='ocrx_word' id='word_1_304' title='bbox 211 3676 360 3746; x_wconf 88' lang='lat' dir='ltr'>loquimini,</span> <span class='ocrx_word' id='word_1_305' title='bbox 379 3678 425 3732; x_wconf 86' lang='lat' dir='ltr'>sed</span> <span class='ocrx_word' id='word_1_306' title='bbox 445 3679 553 3747; x_wconf 87' lang='lat' dir='ltr'>spiritus</span> <span class='ocrx_word' id='word_1_307' title='bbox 572 3683 687 3742; x_wconf 85' lang='lat' dir='ltr'>sanetus,</span> <span class='ocrx_word' id='word_1_308' title='bbox 706 3679 751 3748; x_wconf 91' lang='lat' dir='ltr'>qui</span> <span class='ocrx_word' id='word_1_309' title='bbox 764 3679 889 3748; x_wconf 82' lang='lat' dir='ltr'>loquetur</span> <span class='ocrx_word' id='word_1_310' title='bbox 901 3679 928 3732; x_wconf 94' lang='lat' dir='ltr'>in</span> <span class='ocrx_word' id='word_1_311' title='bbox 942 3679 1026 3732; x_wconf 87' lang='lat' dir='ltr'>uobis.</span> <span class='ocrx_word' id='word_1_312' title='bbox 1057 3681 1084 3733; x_wconf 82' lang='lat' dir='ltr'>et</span> <span class='ocrx_word' id='word_1_313' title='bbox 1096 3685 1234 3748; x_wconf 83' lang='lat' dir='ltr'>propterea</span> <span class='ocrx_word' id='word_1_314' title='bbox 1247 3677 1352 3746; x_wconf 85' lang='lat' dir='ltr'>quaudo</span> 
     </span>
     <span class='ocr_line' id='line_1_32' title="bbox 212 3765 1352 3836; baseline 0 -18"><span class='ocrx_word' id='word_1_315' title='bbox 212 3765 249 3833; x_wconf 91' lang='lat' dir='ltr'>pii</span> <span class='ocrx_word' id='word_1_316' title='bbox 268 3767 343 3818; x_wconf 85' lang='lat' dir='ltr'>uates</span> <span class='ocrx_word' id='word_1_317' title='bbox 361 3765 510 3820; x_wconf 83' lang='lat' dir='ltr'>exundante</span> <span class='ocrx_word' id='word_1_318' title='bbox 528 3767 556 3820; x_wconf 91' lang='lat' dir='ltr'>in</span> <span class='ocrx_word' id='word_1_319' title='bbox 575 3767 715 3836; x_wconf 84' lang='lat' dir='ltr'>suspiritu</span> <span class='ocrx_word' id='word_1_320' title='bbox 735 3771 826 3821; x_wconf 83' lang='lat' dir='ltr'>saneto</span> <span class='ocrx_word' id='word_1_321' title='bbox 845 3767 873 3820; x_wconf 91' lang='lat' dir='ltr'>in</span> <span class='ocrx_word' id='word_1_322' title='bbox 892 3767 945 3820; x_wconf 85' lang='lat' dir='ltr'>alto</span> <span class='ocrx_word' id='word_1_323' title='bbox 964 3766 1061 3820; x_wconf 88' lang='lat' dir='ltr'>mentis</span> <span class='ocrx_word' id='word_1_324' title='bbox 1081 3765 1227 3819; x_wconf 83' lang='lat' dir='ltr'>efferuntur</span> <span class='ocrx_word' id='word_1_325' title='bbox 1245 3781 1352 3818; x_wconf 83' lang='lat' dir='ltr'>excessu</span> 
     </span>
     <span class='ocr_line' id='line_1_33' title="bbox 212 3851 1352 3919; baseline 0.001 -14"><span class='ocrx_word' id='word_1_326' title='bbox 212 3852 250 3906; x_wconf 86' lang='lat' dir='ltr'>itn</span> <span class='ocrx_word' id='word_1_327' title='bbox 269 3851 399 3906; x_wconf 84' lang='lat' dir='ltr'>dieentes:</span> <span class='ocrx_word' id='word_1_328' title='bbox 417 3852 482 3908; x_wconf 86' lang='lat' dir='ltr'>haee</span> <span class='ocrx_word' id='word_1_329' title='bbox 501 3853 568 3908; x_wconf 82' lang='lat' dir='ltr'>dicit</span> <span class='ocrx_word' id='word_1_330' title='bbox 586 3853 710 3908; x_wconf 88' lang='lat' dir='ltr'>domiuus</span> <span class='ocrx_word' id='word_1_331' title='bbox 729 3853 802 3919; x_wconf 82' lang='lat' dir='ltr'>deus,</span> <span class='ocrx_word' id='word_1_332' title='bbox 821 3853 876 3907; x_wconf 86' lang='lat' dir='ltr'>uel:</span> <span class='ocrx_word' id='word_1_333' title='bbox 895 3853 960 3908; x_wconf 86' lang='lat' dir='ltr'>deus</span> <span class='ocrx_word' id='word_1_334' title='bbox 978 3852 1088 3906; x_wconf 82' lang='lat' dir='ltr'>deorum</span> <span class='ocrx_word' id='word_1_335' title='bbox 1108 3851 1172 3906; x_wconf 84' lang='lat' dir='ltr'>deus</span> <span class='ocrx_word' id='word_1_336' title='bbox 1185 3851 1289 3906; x_wconf 85' lang='lat' dir='ltr'>loeutus</span> <span class='ocrx_word' id='word_1_337' title='bbox 1302 3857 1352 3916; x_wconf 87' lang='lat' dir='ltr'>est,</span> 
     </span>
     <span class='ocr_line' id='line_1_34' title="bbox 204 3938 1351 4010; baseline 0 -18"><span class='ocrx_word' id='word_1_338' title='bbox 204 3943 239 3992; x_wconf 78' lang='lat' dir='ltr'>et</span> <span class='ocrx_word' id='word_1_339' title='bbox 256 3939 352 3992; x_wconf 86' lang='lat' dir='ltr'>horum</span> <span class='ocrx_word' id='word_1_340' title='bbox 371 3939 476 4004; x_wconf 87' lang='lat' dir='ltr'>similia,</span> <span class='ocrx_word' id='word_1_341' title='bbox 495 3941 529 3994; x_wconf 83' lang='lat' dir='ltr'>ad</span> <span class='ocrx_word' id='word_1_342' title='bbox 548 3941 633 3994; x_wconf 79' lang='lat' dir='ltr'>saneti</span> <span class='ocrx_word' id='word_1_343' title='bbox 646 3941 756 4010; x_wconf 87' lang='lat' dir='ltr'>spiritus</span> <span class='ocrx_word' id='word_1_344' title='bbox 768 3941 934 3995; x_wconf 83' lang='lat' dir='ltr'>maiestatem</span> <span class='ocrx_word' id='word_1_345' title='bbox 948 3940 1101 3994; x_wconf 87' lang='lat' dir='ltr'>mouerimus</span> <span class='ocrx_word' id='word_1_346' title='bbox 1113 3955 1169 3992; x_wconf 86' lang='lat' dir='ltr'>esse</span> <span class='ocrx_word' id='word_1_347' title='bbox 1182 3938 1351 3992; x_wconf 81' lang='lat' dir='ltr'>referendum</span> 
     </span>
     <span class='ocr_line' id='line_1_35' title="bbox 214 4025 1352 4097; baseline -0.004 -15"><span class='ocrx_word' id='word_1_348' title='bbox 214 4029 243 4082; x_wconf 92' lang='lat' dir='ltr'>ll</span> <span class='ocrx_word' id='word_1_349' title='bbox 263 4029 290 4080; x_wconf 85' lang='lat' dir='ltr'>et</span> <span class='ocrx_word' id='word_1_350' title='bbox 308 4027 353 4095; x_wconf 90' lang='lat' dir='ltr'>qui</span> <span class='ocrx_word' id='word_1_351' title='bbox 372 4043 419 4096; x_wconf 85' lang='lat' dir='ltr'>per</span> <span class='ocrx_word' id='word_1_352' title='bbox 436 4044 496 4082; x_wconf 87' lang='lat' dir='ltr'>eum</span> <span class='ocrx_word' id='word_1_353' title='bbox 516 4026 685 4097; x_wconf 89' lang='lat' dir='ltr'>loquebatur]</span> <span class='ocrx_word' id='word_1_354' title='bbox 704 4029 764 4096; x_wconf 91' lang='lat' dir='ltr'>quis</span> <span class='ocrx_word' id='word_1_355' title='bbox 782 4045 829 4097; x_wconf 87' lang='lat' dir='ltr'>per</span> <span class='ocrx_word' id='word_1_356' title='bbox 847 4043 908 4080; x_wconf 88' lang='lat' dir='ltr'>eum</span> <span class='ocrx_word' id='word_1_357' title='bbox 920 4027 1072 4096; x_wconf 87' lang='lat' dir='ltr'>loqueretur</span> <span class='ocrx_word' id='word_1_358' title='bbox 1084 4027 1155 4096; x_wconf 78' lang='lat' dir='ltr'>Aup.</span> <span class='ocrx_word' id='word_1_359' title='bbox 1212 4027 1243 4080; x_wconf 84' lang='lat'>13</span> <span class='ocrx_word' id='word_1_360' title='bbox 1256 4025 1352 4095; x_wconf 89' lang='lat' dir='ltr'>spiritu</span> 
     </span>
     <span class='ocr_line' id='line_1_36' title="bbox 213 4112 1352 4184; baseline -0.001 -18"><span class='ocrx_word' id='word_1_361' title='bbox 213 4117 302 4166; x_wconf 85' lang='lat' dir='ltr'>saneto</span> <span class='ocrx_word' id='word_1_362' title='bbox 321 4114 349 4167; x_wconf 91' lang='lat' dir='ltr'><strong><em>P</em></strong></span> <span class='ocrx_word' id='word_1_363' title='bbox 419 4117 450 4170; x_wconf 89' lang='grc'>16</span> <span class='ocrx_word' id='word_1_364' title='bbox 469 4117 502 4183; x_wconf 73' lang='lat' dir='ltr'>cs.</span> <span class='ocrx_word' id='word_1_365' title='bbox 522 4115 603 4169; x_wconf 86' lang='lat' dir='ltr'>Pilra</span> <span class='ocrx_word' id='word_1_366' title='bbox 622 4119 733 4184; x_wconf 84' lang='lat' dir='ltr'>p.151:</span> <span class='ocrx_word' id='word_1_367' title='bbox 755 4114 867 4183; x_wconf 81' lang='lat' dir='ltr'>apostoli</span> <span class='ocrx_word' id='word_1_368' title='bbox 890 4115 917 4167; x_wconf 92' lang='lat' dir='ltr'>iu</span> <span class='ocrx_word' id='word_1_369' title='bbox 935 4113 1023 4182; x_wconf 88' lang='lat' dir='ltr'>prima</span> <span class='ocrx_word' id='word_1_370' title='bbox 1042 4112 1074 4166; x_wconf 85' lang='lat' dir='ltr'>ad</span> <span class='ocrx_word' id='word_1_371' title='bbox 1094 4112 1246 4168; x_wconf 84' lang='lat' dir='ltr'>Corinthios</span> <span class='ocrx_word' id='word_1_372' title='bbox 1265 4127 1352 4166; x_wconf 83' lang='lat' dir='ltr'>sermo</span> 
     </span>
     <span class='ocr_line' id='line_1_37' title="bbox 212 4199 1353 4270; baseline 0 -18"><span class='ocrx_word' id='word_1_373' title='bbox 212 4205 264 4254; x_wconf 86' lang='lat' dir='ltr'>est:</span> <span class='ocrx_word' id='word_1_374' title='bbox 289 4217 336 4254; x_wconf 86' lang='lat' dir='ltr'>uos</span> <span class='ocrx_word' id='word_1_375' title='bbox 359 4201 422 4254; x_wconf 90' lang='lat' dir='ltr'>estis</span> <span class='ocrx_word' id='word_1_376' title='bbox 446 4201 575 4270; x_wconf 89' lang='lat' dir='ltr'>templum</span> <span class='ocrx_word' id='word_1_377' title='bbox 600 4201 649 4266; x_wconf 89' lang='lat' dir='ltr'>dei,</span> <span class='ocrx_word' id='word_1_378' title='bbox 673 4201 776 4269; x_wconf 89' lang='lat' dir='ltr'>etquis</span> <span class='ocrx_word' id='word_1_379' title='bbox 800 4201 843 4254; x_wconf 91' lang='lat' dir='ltr'>hio</span> <span class='ocrx_word' id='word_1_380' title='bbox 866 4199 930 4254; x_wconf 88' lang='lat' dir='ltr'>deus</span> <span class='ocrx_word' id='word_1_381' title='bbox 953 4204 1029 4266; x_wconf 86' lang='lat' dir='ltr'>esset,</span> <span class='ocrx_word' id='word_1_382' title='bbox 1053 4199 1174 4268; x_wconf 85' lang='lat' dir='ltr'>exposuit</span> <span class='ocrx_word' id='word_1_383' title='bbox 1196 4199 1298 4254; x_wconf 83' lang='lat' dir='ltr'>dicens:</span> <span class='ocrx_word' id='word_1_384' title='bbox 1326 4205 1353 4252; x_wconf 87' lang='lat' dir='ltr'>et</span> 
     </span>
     <span class='ocr_line' id='line_1_38' title="bbox 212 4284 1351 4356; baseline -0.002 -16"><span class='ocrx_word' id='word_1_385' title='bbox 212 4287 320 4356; x_wconf 85' lang='lat' dir='ltr'>spiritus</span> <span class='ocrx_word' id='word_1_386' title='bbox 340 4287 382 4340; x_wconf 87' lang='lat' dir='ltr'>dei</span> <span class='ocrx_word' id='word_1_387' title='bbox 400 4285 504 4342; x_wconf 84' lang='lat' dir='ltr'>habitat</span> <span class='ocrx_word' id='word_1_388' title='bbox 522 4289 550 4342; x_wconf 90' lang='lat' dir='ltr'>in</span> <span class='ocrx_word' id='word_1_389' title='bbox 570 4287 652 4343; x_wconf 86' lang='lat' dir='ltr'>uobis.</span> <span class='ocrx_word' id='word_1_390' title='bbox 683 4288 772 4356; x_wconf 87' lang='lat' dir='ltr'>itaque</span> <span class='ocrx_word' id='word_1_391' title='bbox 791 4286 856 4340; x_wconf 88' lang='lat' dir='ltr'>deus</span> <span class='ocrx_word' id='word_1_392' title='bbox 875 4285 967 4356; x_wconf 86' lang='lat' dir='ltr'>templi</span> <span class='ocrx_word' id='word_1_393' title='bbox 986 4286 1075 4354; x_wconf 88' lang='lat' dir='ltr'>etqui</span> <span class='ocrx_word' id='word_1_394' title='bbox 1093 4284 1351 4354; x_wconf 84' lang='lat' dir='ltr'>habitatiatemplo</span> 
     </span>
     <span class='ocr_line' id='line_1_39' title="bbox 212 4379 453 4444; baseline 0.004 -17"><span class='ocrx_word' id='word_1_395' title='bbox 212 4391 265 4428; x_wconf 90' lang='lat' dir='ltr'>une</span> <span class='ocrx_word' id='word_1_396' title='bbox 282 4389 394 4444; x_wconf 83' lang='lat' dir='ltr'>persona</span> <span class='ocrx_word' id='word_1_397' title='bbox 412 4379 453 4428; x_wconf 88' lang='lat' dir='ltr'>est</span> 
     </span>
    </p>
   </div>
   <div class='ocr_carea' id='block_1_7' title="bbox 0 0 1650 5152">
    <p class='ocr_par' dir='ltr' id='par_1_8' title="bbox 0 0 1650 5152">
     <span class='ocr_line' id='line_1_40' title="bbox 0 0 1650 5152; baseline 0 1"><span class='ocrx_word' id='word_1_398' title='bbox 0 0 1650 5152; x_wconf 95' lang='lat' dir='ltr'> </span> 
     </span>
    </p>
   </div>
  </div>
 </body>
</html>
