3320 5140
315 475 336 537 4
675 474 697 528 1.
717 475 762 527 Do
780 474 894 544 gratia.
920 474 1089 543 Prologus.

313 649 469 714 minatum
494 653 525 715 et
548 651 600 714 ille
623 653 690 714 tota
716 651 825 715 reddat
849 650 1038 716 subiectione
1066 651 1238 714 seruitium.
1286 651 1450 734 augebitur

314 757 418 816 autem
443 754 579 836 dignitas
608 755 803 836 imperantis,
832 757 857 818 si
881 756 908 820 ei
935 775 1058 839 semper
1084 759 1207 837 praesto
1237 755 1277 819 sit
1300 755 1449 818 sedulitas

313 856 520 938 obsequentis
565 859 723 923 socientur
746 861 811 924 ima
833 860 965 924 summis
989 861 1094 941 sicque
1118 860 1284 940 socientur,
1308 863 1343 923 nt
1365 858 1449 921 subi·

313 962 435 1026 ciantur
458 963 575 1044 ntique,
599 981 661 1027 non
685 969 867 1046 aequentur.
907 965 960 1028 sed
985 965 1066 1028 sicut
1089 965 1196 1028 deesse
1219 981 1280 1028 non
1304 963 1450 1027 conuenit

261 1084 286 1144 ,ε
312 1066 512 1154 gubernatori
535 1069 686 1151 remigem
711 1088 812 1148 snum,
841 1068 994 1132 sacerdoti
1019 1068 1198 1131 ministrnm
1222 1086 1324 1146 sunm,
1351 1067 1449 1150 impe·

311 1171 404 1234 ratori
428 1171 558 1234 militem
583 1191 685 1252 snum,
714 1173 757 1235 ita
780 1177 901 1254 oportet
924 1177 959 1236 ut
981 1173 1083 1256 gratia
1106 1173 1234 1235 alumna
1255 1171 1450 1235 oboedientia

311 1274 510 1356 inseparabili
534 1277 682 1339 seruitute
706 1294 821 1340 conexa
844 1277 893 1340 sit.
932 1294 1042 1340 uerum
1066 1275 1139 1357 quia
1161 1275 1306 1358 Pelagius
1330 1274 1448 1338 nudum

310 1377 448 1441 laborem
474 1379 807 1460 inportunius-exaltat
834 1383 865 1443 et
888 1381 1058 1444 humanam
1082 1381 1209 1443 demens
1233 1378 1448 1442 infirmitatem

312 1482 378 1544 sine
394 1482 494 1566 gratia
517 1482 577 1546 sibi
599 1502 690 1565 posse
707 1483 849 1548 sulficere
873 1485 968 1548 stulte
984 1484 1122 1564 credidit,
1146 1484 1239 1567 impie
1259 1483 1449 1565 praedicauit

261 1603 284 1642 ro
311 1586 453 1650 elationis
481 1589 598 1650 turrem
626 1588 658 1651 in
687 1589 808 1651 caelum
837 1593 964 1653 conatus
994 1589 1120 1671 erigere,
1149 1589 1358 1671 blasphemias
1382 1587 1447 1651 eius

310 1689 397 1753 breui
420 1708 563 1755 sermono
585 1693 814 1775 praestringere
838 1697 869 1756 et
892 1693 1052 1756 confutare
1068 1693 1276 1756 necessarium
1300 1691 1449 1754 iudicaui-

311 1813 391 1874 muS,
414 1813 453 1857 ne
470 1795 548 1858 forte
564 1795 601 1875 is,
625 1796 677 1876 qui
693 1796 808 1859 donum
831 1795 957 1876 laboris,
981 1797 1075 1860 idest
1095 1799 1295 1879 praeceptum
1311 1795 1446 1859 iubentis

311 1898 454 1978 excludit,
478 1898 689 1962 asserentibus
706 1899 805 1980 nobis,
829 1900 911 1981 quod
934 1900 980 1963 dei
1005 1901 1216 1964 misericordia
1238 1899 1298 1963 fide
1322 1903 1353 1962 et
1374 1917 1447 1981 ope-

309 2001 396 2064 ribus
423 2003 626 2084 promerenda
656 2007 717 2083 est,
748 2004 930 2067 catholicam
961 2023 1069 2068 noceru
1101 2003 1138 2068 ad
1170 2004 1289 2086 Pelagii
1320 2021 1445 2066 sensum

157 2158 164 2170 .
261 2125 284 2164 n
311 2105 506 2170 discretionis
530 2107 652 2170 nescius
673 2107 843 2189 adplicaret
866 2113 898 2172 et
912 2109 1029 2173 omissa
1051 2109 1103 2172 uia
1126 2109 1264 2192 regiain
1288 2108 1445 2171 dexteram

310 2211 424 2273 cadens
448 2211 480 2273 in
504 2211 662 2274 sinistram
686 2212 839 2276 declinare
863 2231 918 2277 nos
942 2213 1089 2292 crederet,
1118 2216 1159 2292 et,
1183 2213 1257 2275 dum
1281 2211 1446 2276 delabere

311 2332 400 2378 seruo
427 2316 547 2398 gratiae
574 2315 746 2397 loquimur,
774 2315 993 2380 offendiculum
1022 2321 1094 2380 ante
1121 2316 1214 2398 pedes
1242 2316 1325 2379 caeci
1352 2333 1447 2398 oppo-

311 2419 409 2481 suisse
433 2418 618 2482 uideremus.
666 2439 736 2483 cum
760 2423 866 2484 autem
890 2421 1080 2484 mentionem
1103 2420 1140 2482 de
1164 2439 1255 2502 opere
1283 2437 1318 2483 ac
1340 2418 1445 2483 labore

311 2523 484 2603 fecerimus,
505 2523 682 2606 prophetae,
707 2525 847 2605 apostoli,
871 2525 1080 2606 euangelistae
1097 2528 1128 2587 et
1144 2523 1248 2587 uerbis
1268 2527 1392 2586 utemur
1415 2527 1446 2586 et

259 2644 284 2682 eo
311 2626 463 2689 sensibus
507 2626 619 2708 quibus
647 2629 764 2709 siquis
791 2629 942 2692 contraire
968 2628 1222 2710 praesumpserit,
1251 2645 1312 2690 non
1339 2630 1445 2690 nostra

310 2730 439 2794 inuenta
464 2730 631 2812 destruere,
662 2732 716 2795 sed
746 2733 893 2796 caelestia
919 2732 986 2796 sine
1014 2731 1106 2795 dnbio
1129 2731 1199 2796 iura
1221 2731 1389 2795 dissoluere
1413 2733 1445 2793 et

310 2833 380 2897 fidei
404 2834 552 2898 subruere
569 2835 774 2899 fundamenta
796 2835 937 2900 tentabit.
965 2837 1059 2900 latins
1082 2839 1251 2917 utcumque
1268 2853 1442 2899 sermonem

310 2938 347 3000 de
370 2939 575 3020 praescientia
598 2943 628 3002 et
650 2940 928 3022 praedestinatione
954 2939 1166 3022 produximus,
1194 2943 1331 3021 atquae
1354 2942 1444 3022 puta-

309 3040 424 3106 bantur
447 3041 579 3106 obscura
602 3042 789 3108 absolutiora
811 3044 995 3109 tardioribus
1018 3045 1228 3107 redderentur.
1260 3061 1322 3106 non
1338 3046 1442 3106 antem

257 3165 283 3204 es
310 3146 439 3226 aliquos
462 3147 514 3227 qui
530 3146 695 3210 uerborum
716 3148 850 3229 phaleris
866 3149 1068 3226 delectantur,
1091 3146 1236 3226 offendat,
1260 3146 1341 3226 quod
1356 3145 1444 3210 testi-

310 3249 483 3312 moniorum
508 3250 621 3314 uirtute
645 3252 781 3315 conteuti
810 3251 926 3333 absque
950 3251 1140 3314 sublimitate
1169 3251 1319 3314 sermonis
1342 3250 1441 3312 lucem

309 3353 496 3434 protulimus
519 3355 672 3435 ueritatis,
700 3356 732 3418 in
756 3374 815 3436 quo
839 3355 964 3436 quidem
986 3355 1134 3438 opusculo
1156 3358 1226 3437 post
1249 3353 1443 3418 Arelatensis

309 3457 431 3521 concilii
454 3458 712 3542 subscriptionem
736 3459 825 3522 nonis
842 3459 995 3523 erroribus
1019 3459 1217 3542 deprehensis
1241 3457 1320 3522 adici
1340 3457 1443 3538 aliqua

309 3562 444 3643 synodus
460 3561 677 3647 Lugdunensis
701 3563 811 3646 exegit.

352 3733 424 3787 3sic
442 3736 539 3789 omaso
558 3750 607 3802 que
626 3735 653 3787 P
695 3732 950 3789 subiciantueris
995 3734 1251 3804 bimperatoremP
1285 3735 1442 3789 butema

308 3818 430 3872 alumnae
448 3819 628 3873 oboedientiae
643 3838 663 3896 ¹c
721 3819 847 3874 lcouixa
865 3821 892 3873 P
947 3819 1079 3875 8cxaltat
1101 3823 1128 3872 et
1151 3822 1258 3890 scripsi,
1286 3819 1385 3872 exultet
1407 3821 1440 3886 P,

308 3932 427 3984 exaltans
446 3937 472 3984 et
490 3952 505 3986 o
558 3890 677 3986 ceredlir
696 3933 722 3984 Ρ
775 3935 806 3986 10
826 3935 935 3985 curratur
953 3951 969 3987 o
1028 3936 1057 3988 ll
1079 3934 1240 3986 necesarium
1260 3933 1286 3986 P
1345 3935 1376 3986 17
1395 3949 1440 4001 op-

307 4020 411 4087 posuisc
430 4020 458 4073 P
517 4019 697 4074 20c0utrarie
716 4038 731 4074 o
794 4021 825 4074 21
847 4019 977 4073 distruere
996 4022 1022 4074 P
1067 4021 1134 4091 iure-{l
1153 4021 1185 4084 P,
1204 4021 1293 4073 iurce
1346 4023 1378 4074 22
1398 4023 1440 4072 ut-

309 4107 477 4173 cumqnaeP
510 4105 789 4174 23praedistinatioue
803 4107 830 4159 P
864 4109 897 4161 25
911 4105 1041 4161 falerisP
1074 4106 1274 4174 26absqnaeP
1307 4109 1340 4161 27
1354 4106 1440 4176 arilla-

308 4193 389 4246 tensis
409 4195 436 4246 P
481 4195 515 4247 28
534 4192 724 4296 subggriptione
744 4194 771 4246 P
811 4192 995 4261 depraehensis
1014 4196 1041 4248 P
1090 4197 1123 4250 29
1142 4193 1249 4247 sinodus
1268 4195 1296 4248 P
1342 4193 1440 4262 exegit]

307 4303 474 4358 EXPLICIT
496 4303 634 4358 PROLUS
652 4305 714 4360 aad.
729 4307 756 4359 P
