3320 5140
672 483 914 552 Prolegomena.
1058 462 1062 470 ¹
1255 483 1362 572 'XXIII

225 678 292 723 esse
323 660 457 740 uidetur,
488 679 527 724 ne
556 660 709 724 Gennadii
740 660 844 724 uerbis
876 665 998 724 exstare
1029 661 1088 725 alia
1112 641 1221 724 Fausti
1251 661 1367 743 scripta

224 764 262 829 ab
286 765 365 846 ipse,
396 765 478 847 qnod
500 765 634 829 necdum
657 765 795 849 legisset,
827 783 888 830 non
912 767 1074 830 nominata
1104 766 1233 830 dicentis
1256 765 1367 830 abuta-

223 887 293 932 mur
322 869 429 951 eisque
456 869 520 934 nixi
548 869 664 952 scripta
690 873 731 950 et,
759 888 838 952 quae
863 870 923 934 alic
946 871 1071 934 nomine
1095 873 1228 950 exstant,
1251 870 1366 934 tradita

225 977 257 1036 et
288 972 459 1056 deperdita,
491 992 623 1055 quorum
654 973 766 1037 titulus
797 974 847 1038 uel
875 974 985 1038 notitia
1007 978 1131 1039 tantum
1155 974 1194 1038 ad
1217 993 1273 1039 ncs
1296 993 1367 1057 per·

224 1077 323 1157 uenit,
347 1076 463 1142 Fausta
486 1077 708 1161 impingamus.
748 1079 824 1142 satis
848 1096 1002 1161 superque
1027 1080 1109 1144 enirn
1134 1081 1366 1144 demonstrasse

223 1181 313 1246 nobis
337 1182 479 1247 uidemur
504 1181 703 1248 Gennadium
727 1182 965 1266 diligentissime
989 1183 1098 1248 Fausti
1121 1201 1214 1266 opera
1237 1201 1366 1248 enume-

225 1287 355 1367 rauisse,
380 1287 494 1370 qnippe
518 1289 569 1370 qui
591 1287 642 1350 uel
667 1288 783 1370 scripta
803 1287 926 1351 minuta
945 1289 1033 1352 uelut
1054 1288 1195 1372 singulas
1216 1289 1365 1371 epistulas

223 1390 407 1455 nammatim
431 1391 557 1455 afferret
580 1394 612 1455 et
627 1409 742 1474 paucas
758 1394 881 1455 tantum
899 1392 1060 1475 epistulas,
1084 1411 1123 1456 ne
1138 1393 1251 1476 longus
1268 1392 1364 1472 fieret,

224 1499 316 1577 alque
336 1495 491 1578 homilias,
515 1497 607 1578 quod,
631 1515 691 1578 quc
712 1501 854 1580 tempore
874 1497 1052 1580 catalogum
1067 1497 1202 1580 scripsit,
1226 1497 1363 1561 nendum
1440 1485 1444 1492 ’

224 1599 325 1663 editae
341 1604 439 1680 erant,
463 1601 629 1682 omitteret.
669 1619 764 1683 quam
780 1600 818 1664 cb
835 1619 902 1664 rem
919 1600 1072 1666 Gennadii
1088 1601 1250 1665 silentium
1267 1601 1305 1666 de
1326 1601 1364 1664 iis

223 1704 378 1786 operibus,
407 1722 485 1786 quae
514 1705 620 1769 statim
644 1703 861 1785 tractabimus,
889 1705 965 1768 mihi
993 1706 1116 1787 quidem
1140 1705 1364 1789 grauissimum

224 1811 445 1891 argumentum
469 1813 527 1889 est,
559 1827 619 1890 quo
649 1813 810 1891 permotus
834 1827 871 1872 ea
893 1809 1010 1873 Fausto
1038 1809 1223 1874 abiudicem.
1262 1828 1363 1891 neque

225 1913 390 1994 assentiar,
414 1914 440 1976 si
463 1913 541 1976 mihi
564 1912 712 1977 obieceris
736 1913 879 1996 catalogo
902 1913 955 1977 illc
979 1932 997 1978 a
1019 1911 1181 1978 Gennadic
1204 1915 1268 1978 iam
1292 1932 1364 1978 con·

224 2016 305 2081 fecto
329 2016 370 2100 (a.
388 2014 466 2101 480)
490 2018 642 2082 Faustum
665 2019 782 2099 aliquid
806 2018 1000 2082 conscribere
1024 2019 1172 2102 potuisse.
1212 2037 1287 2084 sane
1308 2036 1364 2101 po-

225 2121 286 2184 tnit
309 2125 341 2186 et
364 2121 514 2204 epistulas
537 2126 609 2206 pest
631 2123 714 2186 hunc
738 2141 856 2186 annum
880 2123 1012 2206 scriptas
1035 2123 1094 2206 ipsi
1117 2123 1208 2188 medo
1236 2141 1364 2187 enume-

225 2226 376 2307 rauimus,
408 2227 462 2290 sed
486 2227 640 2291 Faustum
671 2230 738 2291 tum
770 2228 936 2292 minimum
968 2227 1246 2312 septuagenarium
1269 2231 1301 2292 et
1330 2227 1362 2291 in

223 2329 329 2394 exsilio
340 2331 503 2394 uiuentem
515 2331 634 2395 maiora
645 2349 740 2414 opera
755 2332 917 2414 scripsisse
934 2332 984 2395 uix
1001 2333 1182 2396 uerisimile
1198 2336 1247 2397 est
1261 2351 1362 2414 neque

222 2452 413 2516 quemquam
436 2435 590 2499 Faustum
621 2439 725 2500 aetate
754 2439 821 2500 tam
853 2440 1001 2519 prouecta
1030 2437 1084 2500 illa
1115 2437 1230 2521 scripta
1260 2437 1363 2502 conci-

222 2538 360 2620 pientem
385 2539 446 2603 sibi
468 2539 594 2604 finxisse
618 2540 785 2627 memini.x

265 2641 309 2707 nt
332 2643 493 2708 Sidonium
517 2644 626 2709 Fausti
649 2646 812 2736 aequalem
832 2650 994 2730 opponunt
1014 2647 1073 2710 ulri
1099 2647 1179 2712 docti
1200 2646 1361 2712 Gennadie

222 2751 254 2812 et
279 2749 407 2813 laudare
438 2769 509 2814 enm
539 2751 653 2833 partim
685 2751 870 2834 opusculum
898 2751 1094 2834 deperditum
1122 2753 1236 2834 partim
1264 2771 1361 2835 usque

222 2852 324 2916 adhuc
343 2854 423 2919 falso
442 2854 569 2918 nemine
585 2855 773 2938 impressum
791 2857 983 2920 centendunt
999 2856 1153 2921 dicentem
1167 2855 1362 2940 (ep.VllIl9

221 2977 251 3040 p.
267 2955 339 3039 157,
352 2957 466 3042 30L.):
493 2957 625 3044 lepitana
640 2979 721 3045 opas
738 2959 1000 3044 operosissimam
1014 2958 1198 3046 naultipteaa,
1220 2983 1295 3024 aare
1310 2983 1362 3024 eu·

221 3058 326 3138 alima,
347 3060 505 3148 dipeetam
519 3061 629 3125 titulis
650 3061 865 3149 eaempla'aqae
885 3073 1074 3150 conpactam,
1096 3063 1287 3149 bipertitam
1301 3064 1361 3128 sub

223 3163 349 3252 dialopi
359 3166 522 3244 aeternale,
534 3165 594 3228 aad
606 3189 782 3230 causarum
795 3169 929 3231 themate
941 3168 1230 3255 quadripertitam.
1260 3170 1361 3256 scrip-

221 3291 311 3332 seras
327 3280 433 3334 aatem
443 3270 596 3356 plurima
611 3270 765 3335 ardenter
775 3271 883 3358 ptura
894 3294 1055 3358 promptae,
1078 3273 1275 3359 simpliciter
1297 3275 1360 3337 ieta

220 3395 278 3437 nee
300 3375 430 3453 raetiae,
453 3385 568 3462 arpate
587 3375 652 3439 itta
672 3398 729 3440 aec
748 3375 878 3454 callide,
901 3377 1023 3462 praetia
1043 3388 1170 3442 utalaae
1185 3377 1361 3465 profunda

220 3477 369 3557 sollicite,
394 3479 497 3544 dubia
512 3490 695 3544 constanter
711 3491 936 3568 arpameatosa
953 3481 1182 3568 disputatorie,
1204 3483 1361 3569 quaedam

219 3604 330 3648 seuere
352 3585 525 3670 quaepiam
549 3583 676 3663 blande,
704 3595 821 3649 cancta
843 3585 1012 3650 ewraliter
1036 3585 1112 3651 lecte
1130 3597 1279 3674 potenter
1302 3587 1361 3652 elo-

220 3688 434 3772 quentieaa‘ma.
459 3709 536 3772 quae
553 3690 650 3755 uerba
666 3689 820 3775 (inprimis
838 3688 1028 3776 bipertitam
1047 3691 1107 3756 sub
1130 3691 1254 3779 dialopa'
1276 3694 1360 3756 selre-

219 3801 312 3870 mate,
327 3791 388 3856 aab
400 3814 578 3858 causarum
590 3795 724 3858 themate
739 3794 1032 3883 quadripertitam)
1046 3799 1084 3862 ad
1096 3798 1191 3863 libros
1207 3799 1244 3863 de
1260 3800 1362 3884 gratia

220 3897 372 3980 quadrare
389 3904 539 3983 negantes
555 3900 617 3982 alii,
635 3904 669 3964 ut
684 3899 866 3966 Strmcndus
881 3901 913 3965 in
930 3904 1010 3967 netis
1027 3903 1065 3967 ad
1081 3902 1252 3986 Sidonium,
1268 3922 1361 3987 opus·

219 4001 326 4066 culum
350 4020 368 4066 a
390 4001 516 4068 Sidonio
544 4003 706 4070 laudatum
729 4005 923 4071 intercidisse
952 4009 1139 4088 statuerunt,
1168 4008 1360 4073 Baeumerus

219 4105 351 4171 Amabii
373 4107 502 4173 iunioris
519 4107 705 4174 condictum
729 4109 766 4173 de
787 4110 843 4174 deo
865 4111 946 4176 trine
967 4114 998 4175 et
1017 4131 1079 4177 nnc
1096 4111 1227 4197 (Mignq
1243 4115 1359 4179 Patrcl.

218 4209 273 4274 lat.
295 4209 370 4274 LIII
397 4209 583 4296 aaa-322)
611 4213 719 4278 Fausti
747 4233 816 4278 esse
844 4219 875 4279 ct
899 4233 917 4278 a
939 4214 1064 4281 Sidonia
1092 4217 1261 4301 significari
1288 4237 1361 4283 cen-¹

218 4314 292 4379 iecit
314 4313 487 4399 (Kattolik
512 4315 593 4380 1887
617 4337 647 4401 p.
664 4316 729 4381 402
745 4319 837 4402 sqq).
869 4319 932 4384 sed
960 4339 1021 4384 non
1050 4341 1118 4386 esse
1142 4320 1359 4403 dubitandum,

217 4421 293 4501 quin
310 4419 450 4502 Aruobii,
474 4423 526 4503 qui
551 4423 671 4502 dicitur,
696 4423 859 4488 conflictus
876 4425 991 4490 Fausto
1008 4427 1103 4490 tribui
1121 4430 1264 4508 nequeat,
1288 4447 1359 4492 cum
