3320 5140
343 442 411 498 VIII
789 443 1029 514 Prolegomeua.

343 617 520 695 urbanis,
544 620 630 683 uelut
652 620 711 684 alio
731 621 797 684 loco
818 620 857 682 ad
878 619 1029 683 Faustum
1049 618 1186 682 scribens
1208 618 1379 701 palaestrae
1399 635 1474 682 uoce

343 723 440 787 utitur
455 723 509 803 ita,
530 727 566 787 ut
581 723 618 786 de
634 723 748 788 scholis
764 722 984 805 philosophicis
1002 723 1098 806 accipi
1118 726 1261 805 nequeat,
1281 741 1311 806 p.
1330 720 1402 801 151,
1418 719 1473 785 25:

338 847 472 912 precum
492 826 621 912 peritus
644 825 889 904 insulanorum,
917 848 998 910 quas
1023 825 1061 889 de
1079 825 1288 912 palaestro
1310 847 1475 911 1111911911-
1529 885 1537 894 ,

342 929 440 993 tionis
463 929 661 994 heremitidis
685 940 714 993 et
738 929 775 994 de
798 940 913 994 sectatu
934 930 1157 993 Lirinensium
1179 928 1417 993 cellulanorum
1439 929 1474 992 in

342 1031 452 1096 urbem
467 1055 597 1119 quoque,
610 1035 704 1098 cuius
720 1033 868 1098 ecclesiae
883 1057 980 1098 sacro
995 1035 1242 1120 superinspicis,
1262 1033 1473 1097 transtulisti.

385 1139 513 1219 Quando
533 1140 667 1204 Faustus
692 1141 730 1204 ad
753 1141 976 1204 monasterium
999 1140 1167 1205 Lerineuse
1191 1139 1371 1219 accesserit,
1387 1141 1474 1222 igno-

342 1261 457 1324 remus,
481 1243 536 1307 sed
558 1245 621 1308 iam
644 1244 835 1327 temporibus
855 1245 1008 1309 Honorati
1028 1245 1201 1308 fundatoris
1221 1247 1252 1308 et
1270 1243 1363 1327 pslmi
1382 1243 1474 1307 huius

341 1347 480 1412 coenobii
503 1367 601 1430 usquo
628 1349 667 1412 ad
690 1366 809 1440 annum
830 1347 893 1411 426
922 1348 1054 1430 abbatis,
1085 1367 1146 1431 quo
1174 1367 1255 1413 anno
1283 1349 1308 1412 is
1331 1347 1473 1412 Patroclo

341 1451 519 1516 Arelatensi
550 1453 693 1536 epIscopo
724 1454 824 1518 occiso
857 1453 910 1536 (cl.
940 1454 1083 1536 Prosperi
1114 1453 1277 1542 chronicon
1309 1453 1347 1517 ad
1377 1453 1406 1516 h.
1432 1451 1473 1534 a.)

342 1557 501 1643 successit,
533 1557 637 1621 Lerlni
668 1576 740 1620 eum
770 1557 891 1640 degisse
922 1557 980 1622 alic
1008 1558 1074 1621 loco
1103 1557 1301 1640 exposuimus
1331 1555 1473 1639 (Studien

340 1660 417 1724 siber
449 1661 496 1724 die
527 1660 684 1726 Sohrilten
716 1661 769 1725 des
799 1662 958 1726 Bischoles
991 1680 1050 1726 von
1081 1662 1147 1726 Reii
1178 1662 1327 1742 Faustus,
1358 1661 1474 1725 Vindo-

340 1763 439 1828 bonae
465 1762 557 1846 1889,
581 1785 610 1848 p.
629 1765 693 1850 73).
723 1765 820 1830 luisse
844 1767 926 1830 enim
951 1766 1101 1831 Faustum
1124 1767 1290 1830 admodum
1317 1767 1472 1845 iuuenem,

340 1886 413 1932 oum
440 1869 587 1934 Larinum
619 1889 652 1932 se
680 1871 821 1951 contulit,
853 1890 888 1935 er
919 1871 983 1934 eius
1014 1871 1136 1935 dicendi
1165 1891 1278 1954 genere
1308 1869 1472 1953 colligitur,

340 1973 421 2055 quod
450 1974 533 2055 sapit
555 1974 695 2038 scholam
720 1975 984 2055 monasterialem,
1013 1979 1047 2038 ut
1073 1979 1181 2059 postea
1208 1976 1306 2040 fusius
1330 1975 1473 2057 explana-

339 2076 454 2140 bimus.
500 2079 550 2160 qui
585 2079 744 2143 Honoratc
779 2079 883 2142 Lerini
917 2079 1067 2143 successit
1100 2099 1124 2144 s.
1153 2079 1318 2159 Maximae,
1352 2081 1473 2162 septem

339 2183 447 2264 plenos
472 2200 569 2246 annos
593 2183 739 2246 abbatem
763 2183 860 2247 luisse
884 2183 996 2267 (usque
1017 2184 1056 2247 ad
1077 2202 1193 2248 annum
1214 2182 1291 2266 433)
1311 2183 1376 2266 ipse
1392 2183 1472 2246 Hau·

340 2289 406 2349 stus
429 2286 461 2349 in
485 2287 612 2350 homilia
635 2288 672 2351 de
695 2307 720 2351 s.
742 2287 879 2351 Maximo
900 2288 1025 2352 Reiensi
1048 2287 1154 2352 habita
1178 2286 1272 2370 (Bibl.
1289 2287 1371 2352 Patr.
1389 2287 1471 2350 Mar.

339 2389 437 2473 Lugd.
452 2391 496 2454 VI
508 2389 584 2472 655)
602 2392 703 2472 tradit,
720 2392 894 2455 Maximum
911 2395 1016 2456 autem
1032 2392 1070 2454 nd
1083 2393 1295 2474 episcopatum
1308 2391 1472 2456 Reiensem

339 2498 520 2576 prouectum
533 2495 686 2560 Faustum
699 2497 854 2579 excepisse
867 2495 1011 2560 Sidonius
1025 2497 1099 2560 dicit
1109 2497 1140 2559 in
1157 2496 1294 2560 carmine
1307 2497 1382 2560 XVI
1396 2493 1471 2558 112:

593 2713 595 2720 ,
847 2651 959 2738 fuerit
981 2651 1054 2736 quis
1079 2651 1244 2714 Mcmimue
1268 2651 1335 2728 ills,

382 2754 493 2818 urbem
515 2755 571 2839 (so.
589 2756 695 2845 Reios)
720 2765 755 2816 tu
779 2755 834 2838 (sc.
856 2756 985 2840 Fausto)
1008 2755 1103 2819 cuius
1125 2757 1351 2842 monachosque
1374 2754 1430 2838 (sc.

788 2860 986 2943 Ircrlncnses)
1010 2861 1143 2924 antistes
1166 2869 1195 2922 et
1218 2859 1317 2923 abbas

383 2963 431 3026 bie
454 2985 615 3027 successor
638 2964 719 3050 opis.
1097 2962 1101 2972 '

339 3122 443 3202 itaque
460 3139 486 3184 a.
498 3120 562 3183 433
579 3121 731 3184 Faustum
749 3121 894 3185 abbatem
913 3121 1114 3186 Lorinensem
1127 3122 1245 3185 lactum
1258 3141 1325 3185 esse
1338 3125 1469 3186 constal.

382 3225 529 3290 Plurimls
558 3225 697 3289 eiusdem
728 3225 873 3289 carminis
902 3223 1059 3290 Sidoniani
1088 3227 1162 3290 locis
1189 3226 1340 3290 Faustum
1368 3226 1471 3290 Larini

340 3349 463 3394 summa
489 3331 520 3394 in
545 3350 577 3394 se
602 3330 781 3393 austeritate
806 3330 903 3393 luisse
927 3329 1100 3410 edocemur,
1128 3349 1221 3412 quam
1249 3331 1355 3414 magni
1379 3331 1471 3395 aesti-

340 3438 457 3498 matam
488 3454 555 3498 esse
587 3433 625 3498 ab
656 3433 837 3516 aequalibus
868 3434 937 3498 iude
969 3435 1188 3518 perspicimuS,
1222 3436 1302 3517 quod
1332 3435 1470 3500 Hilarius

339 3539 500 3621 episcopus
524 3537 726 3618 Arelatensis
755 3557 826 3602 cum
850 3538 997 3602 Larinum
1025 3540 1163 3604 uenisset
1186 3541 1224 3604 ed
1247 3560 1270 3604 s.
1289 3539 1470 3622 Caprasium

340 3645 440 3706 aetate
467 3642 644 3706 confectum
667 3643 842 3724 uisendum,
868 3641 1026 3706 Faustum
1044 3641 1268 3729 presbyterum
1286 3644 1420 3730 pariter
1442 3652 1470 3706 et

339 3743 484 3808 ablatem
504 3744 552 3807 ito
572 3745 758 3823 honorauit,
781 3755 818 3810 ut
839 3746 925 3810 inter
946 3769 977 3812 se
997 3757 1026 3810 et
1041 3758 1164 3812 sanctos
1179 3748 1357 3812 sacerdotes
1377 3747 1470 3812 1110-

341 3848 455 3912 dorum
483 3849 675 3934 (episcopum
704 3851 984 3936 Foroiuliensem)
1011 3863 1041 3916 et
1068 3853 1249 3916 Mancinum
1277 3853 1470 3937 (episcopum

339 3953 517 4037 Reiensem)
546 3952 686 4017 medium
714 3953 907 4041 compulerit
934 3955 1075 4020 residere
1103 3958 1182 4042 (uita
1208 3979 1232 4023 s.
1254 3959 1365 4023 Hilarii
1392 3978 1417 4023 c.
1439 3957 1469 4038 9,

264 4095 268 4104 .
338 4057 456 4140 Migne,
479 4058 562 4122 Patr.
580 4059 632 4123 lat.
651 4059 675 4123 L
701 4057 807 4144 1230).

382 4161 457 4226 Post
480 4181 597 4227 annum
620 4161 695 4246 449,
723 4183 784 4246 quo
806 4166 925 4231 Hilario
953 4171 1073 4232 mortuo
1100 4148 1279 4232 Rauennius
1307 4169 1469 4252 episcopus

338 4265 531 4332 Arelatensis
563 4267 662 4332 factus
694 4273 751 4351 est,
786 4274 817 4334 et
847 4275 918 4336 ante
951 4289 1068 4336 annum
1098 4269 1176 4352 462,
1211 4290 1270 4353 quo
1304 4273 1469 4338 Leontium

339 4369 491 4436 Heliconii
514 4391 725 4438 successorem
748 4375 810 4438 iam
835 4376 1013 4459 episcopum
1035 4377 1253 4442 Arelatensem
1277 4378 1373 4442 luisse
1397 4399 1469 4444 oon-
