3222 5144
612 505 676 559 llll.
697 505 805 560 Sermo
826 509 865 560 19.
1245 507 1306 570 297

166 701 262 760 oum,
290 701 396 762 quern
426 683 457 744 ei
484 683 705 746 ostenderat
732 683 917 762 dominae,
949 683 1007 746 die
1038 683 1161 746 tertia.
1205 681 1308 746 Abra-

165 787 240 850 ham
265 787 359 865 enirn,
390 785 513 867 quando
537 787 625 850 Isaac
653 785 753 850 filium
781 805 873 850 suurn
902 786 1024 866 obtulit,
1054 790 1163 869 typum
1185 785 1308 861 <habuit

165 890 215 954 dai
239 891 347 973 patria,
370 891 460 954 Isaac
484 909 557 954 uero
581 890 728 974 figuram>
750 892 849 973 gessit
872 891 990 956 domini
1014 891 1188 955 saluatoris.
1228 892 1308 974 quod

164 998 271 1060 autem
295 995 333 1058 ad
356 995 459 1058 locum
483 995 708 1060 immolationis
729 995 777 1059 die
799 996 889 1060 tertio
910 997 1099 1078 peruenitur,
1124 997 1308 1078 mysterium

166 1101 316 1164 trinitatis
340 1100 523 1164 ostenditur.
562 1119 635 1164 nam
660 1100 742 1182 quod
765 1101 830 1164 dies
854 1101 885 1164 in
909 1105 1105 1165 sacramento
1126 1101 1236 1165 tertius
1257 1103 1308 1166 uel
1347 1129 1360 1168 e

165 1204 314 1286 mysterio
338 1205 435 1287 accipi
455 1204 568 1269 debeat
588 1205 746 1286 trinitatis
770 1206 950 1287 frequenter
970 1206 1002 1270 in
1023 1205 1118 1268 sacris
1139 1206 1308 1270 uolumini-

164 1308 223 1372 bus
245 1309 414 1388 inuenitur,
438 1309 518 1373 sicut
541 1309 573 1374 in
596 1309 715 1372 llrodo:
747 1309 859 1389 uiam,
888 1309 999 1392 inquit,
1028 1310 1142 1374 trium
1166 1311 1307 1374 diorum

164 1412 301 1477 ibimus
336 1413 370 1477 in
408 1413 571 1494 deserto,
606 1417 638 1478 et
666 1415 791 1494 iterum,
826 1414 948 1496 quando
983 1415 1022 1478 ad
1053 1417 1191 1479 montem
1222 1415 1307 1480 Sinai

162 1520 295 1581 uentum
317 1515 402 1602 lest),
427 1517 545 1582 dictum
569 1521 615 1582 est
639 1519 768 1602 populo:
800 1519 1096 1583 sanctificamini
1121 1523 1157 1584 at
1187 1523 1306 1584 estote

164 1621 200 1686 in
224 1621 321 1685 diem
340 1623 467 1705 parati
495 1623 663 1703 tertiam,
691 1627 723 1687 et
745 1623 836 1688 losue
860 1623 1048 1688 transiturus
1073 1623 1249 1704 Iordanem,
1272 1628 1308 1688 ut
1335 1652 1360 1690 ιο

163 1727 195 1791 in
226 1727 275 1790 die
308 1727 397 1792 tertio
424 1727 557 1811 poprdus
586 1731 712 1810 paratus
740 1728 790 1808 sit,
823 1728 995 1808 admonuit,
1028 1731 1058 1792 et
1085 1727 1230 1792 dominns
1258 1728 1306 1792 die

163 1832 256 1896 tertio
279 1833 457 1896 resurrexit.
496 1832 555 1896 hoo
577 1833 646 1896 ideo
670 1833 813 1912 diximus
841 1833 915 1914 quia
937 1831 1048 1897 beatus
1071 1831 1234 1897 Abraham
1258 1833 1306 1896 dia

165 1936 256 2001 tertio
278 1937 367 2000 uenit
389 1937 428 2002 ad
451 1937 566 2017 locum,
591 1956 684 2019 quem
708 1938 735 2001 ei
758 1937 936 2002 ostenderat
959 1937 1114 2002 dominus.

206 2039 277 2105 Duo
297 2041 395 2124 pueri,
417 2059 586 2123 quoscum
608 2041 695 2105 asina
709 2041 872 2106 Abraham
892 2059 1054 2106 remanere
1075 2042 1175 2122 iussit,
1197 2045 1306 2125 typum

163 2143 342 2210 habuerunt
365 2145 471 2228 populi
494 2146 691 2225 ludaeorum,
716 2146 768 2227 qui
790 2165 845 2229 pro
870 2163 915 2226 eo,
939 2146 1021 2228 quod
1045 2147 1077 2210 in
1093 2146 1217 2212 Christo
1241 2165 1307 2210 cre·
1335 2174 1359 2213 15

164 2249 258 2314 dituri
282 2267 344 2314 non
368 2253 466 2330 erant,
490 2250 559 2314 ideo
583 2250 621 2313 ad
645 2250 758 2330 locum,
790 2250 843 2314 ubi
867 2251 1065 2316 inmolandus
1090 2255 1166 2332 erat,
1197 2269 1308 2316 aseen-

164 2354 237 2418 dere
268 2354 319 2418 nel
352 2357 515 2436 peruenire
547 2373 608 2420 non
638 2357 792 2436 poterant.
831 2356 920 2419 asina
951 2356 1004 2420 illa
1031 2355 1188 2440 significat
1216 2375 1307 2438 syna-

163 2476 288 2542 gogam,
320 2458 400 2522 aries
431 2476 505 2523 uero
533 2459 596 2540 ille,
629 2460 682 2542 qui
709 2460 791 2524 inter
819 2460 925 2543 spinas
955 2461 1099 2525 cornibus
1131 2460 1306 2542 tenebatur,

164 2567 196 2627 at
215 2563 280 2646 ipse
303 2566 414 2646 typum
435 2563 553 2628 domini
573 2563 721 2630 habuisse
743 2565 874 2629 uidetur.
907 2582 980 2629 nam
1002 2568 1034 2630 et
1054 2564 1195 2630 Christus
1216 2565 1306 2647 quasi

164 2666 310 2731 cornibus
339 2667 421 2732 inter
451 2668 555 2750 spinas
583 2667 744 2749 haerebat,
772 2669 895 2750 quando
919 2669 958 2733 ad
981 2669 1081 2734 crucis
1105 2687 1221 2734 cornua
1243 2671 1306 2734 cla·
1332 2696 1358 2736 aa

163 2789 274 2836 uorum
298 2771 469 2836 confixione
492 2773 657 2855 pendebat.
697 2773 777 2855 quod
800 2775 890 2838 Isaac
917 2792 990 2838 uero
1015 2773 1162 2856 sibiipsa
1186 2774 1224 2838 ad
1247 2775 1306 2838 im-

165 2876 346 2940 molandum
377 2877 463 2960 ligna
493 2877 613 2957 detulit,
645 2881 676 2942 et
703 2879 734 2942 in
761 2879 820 2942 hoc
849 2877 1008 2943 Christum
1038 2879 1198 2942 dominnm
1227 2879 1306 2962 ligu-

164 2980 255 3060 ranit,
286 2981 337 3062 qui
361 2981 400 3044 ad
423 2981 527 3046 locum
550 2981 705 3064 passionis
730 2982 796 3064 ipse
819 2983 958 3065 portauit
981 3001 1104 3046 cruceni
1128 3001 1227 3046 suam.
1268 2984 1305 3047 de

165 3103 225 3166 qno
254 3085 402 3166 mysterio
432 3086 567 3149 multum
596 3091 668 3150 anta
697 3087 815 3150 dietum
842 3087 944 3151 suerat
966 3107 1020 3170 par
1043 3087 1242 3170 prophetam:
1271 3091 1307 3152 et

165 3189 249 3268 erit,
274 3189 386 3271 inquit,
409 3189 644 3272 principatus
671 3192 749 3254 eius
776 3211 886 3274 super
907 3191 1079 3256 humeros
1102 3192 1190 3256 eius.
1230 3196 1304 3256 tnnc
1332 3219 1358 3258 ra

165 3293 249 3356 eninr
273 3293 413 3358 Christus
436 3295 646 3378 principatum
667 3315 760 3378 super
780 3296 927 3360 humeros
948 3295 1069 3376 habuit,
1093 3296 1216 3379 quando
1237 3315 1306 3360 cru·

165 3415 231 3460 cem
256 3416 345 3462 suam
369 3397 545 3462 admirabili
568 3399 744 3464 humilitate
767 3401 914 3483 portauit.
954 3419 1016 3466 non
1039 3401 1208 3484 incongrua
1232 3421 1305 3464 crux

166 3500 280 3566 Christi
313 3502 471 3586 significat
506 3503 725 3587 principatum.
764 3523 837 3568 nam
872 3525 927 3588 per·
961 3506 1062 3588 ipsam
1098 3511 1129 3570 et
1164 3506 1305 3571 diabolus

268 3629 295 3699 7]
314 3630 395 3684 Exod.
409 3633 433 3696 5,
446 3635 470 3687 3.
525 3631 553 3701 9]
572 3631 652 3688 Exod.
669 3635 709 3698 19,
724 3637 763 3689 15.
817 3633 863 3702 24]
882 3633 952 3688 Esai.
966 3637 990 3700 9,
1004 3637 1027 3690 6.

207 3741 488 3813 hhabnit-flfflrram
506 3746 587 3816 Aap,
606 3765 656 3802 orrr.
675 3747 704 3800 D
773 3749 790 3801 4
813 3747 904 3816 tertio]
929 3747 1056 3802 ahraham
1079 3750 1143 3804 odd.
1164 3751 1212 3818 D¹,
1238 3767 1306 3819 quoe

165 3847 218 3886 uox
236 3847 315 3886 erasa
333 3837 371 3886 cat
435 3835 451 3888 5
470 3832 577 3902 tertius]
597 3833 726 3887 trinitatis
744 3835 809 3889 add.
823 3835 859 3902 D,
878 3835 926 3890 aad
943 3853 1049 3892 mosum
1068 3842 1105 3891 cat
1170 3839 1185 3890 'l
1204 3837 1249 3890 uia
1267 3837 1307 3890 in-

166 3942 271 4047 11111111.)θ
323 3947 524 4002 samaliel)
576 3947 856 4016 oestAap.,om.D
909 3915 1037 4015 eptoteD
1092 3951 1123 4004 10
1136 3948 1305 4005 iordanenD

166 4061 191 4110 et
209 4056 346 4110 inditertio
365 4058 394 4111 D
461 4060 489 4114 ll
510 4059 660 4112 ammonuit
679 4061 708 4113 I)
773 4063 805 4115 12
824 4060 995 4114 resurrexerit
1018 4063 1046 4116 1)
1110 4059 1256 4115 habraham
1275 4063 1305 4118 D

169 4172 196 4224 11
216 4137 317 4224 rr'sinam
338 4170 367 4225 D
431 4173 462 4226 16
481 4175 560 4224 eruut
579 4174 608 4227 1)
672 4175 702 4227 17
722 4173 809 4226 assina
828 4174 857 4228 1)
914 4173 1068 4258 sinagogam
1089 4177 1116 4229 l)
1178 4179 1211 4232 20
1229 4176 1304 4230 here-

166 4254 207 4309 bat
223 4259 251 4312 1)
304 4259 338 4312 22
357 4256 453 4312 detulit
467 4277 498 4313 cs
512 4257 613 4312 tctullit
632 4261 660 4314 1)
712 4261 898 4330 ‘Equidem
917 4277 950 4328 qa
966 4263 1011 4330 Ill,
1031 4261 1119 4330 (1111)ι
1173 4263 1304 4318 2111111110

888 4331 952 4363 humill

166 4371 235 4510 ἕως.
306 4373 339 4426 25
359 4371 451 4438 inquid
471 4373 500 4426 D
569 4373 750 4441 principatum
768 4375 798 4430 D
868 4377 901 4430 27
943 4373 1094 4432 bumilitate
1114 4377 1142 4430 1)
1194 4379 1228 4432 28
1247 4375 1303 4430 dia-

183 4457 240 4510 ulus
259 4458 289 4512 D
