3320 5140
336 443 410 496 xan
780 443 1020 512 Prclegomenc.
1121 429 1123 432 ’

335 621 371 682 ut
392 619 488 682 altero
511 619 638 682 alterius
666 619 803 683 familiae
830 620 933 683 codice
961 620 1053 684 simul
1080 619 1219 684 adhibito
1246 621 1298 682 uix
1325 619 1466 684 dubitare

334 723 445 805 possis,
474 723 549 804 quid
579 740 700 804 qnoque
731 723 797 788 loco
824 722 1021 789 scribendum
1049 724 1098 788 sit.
1144 723 1199 787 sed
1226 723 1341 788 cumV
1370 722 1464 786 finem
1549 802 1554 814 ι

334 826 405 890 libri
428 827 556 891 secundi
579 826 616 889 de
640 827 751 910 spiritu
774 831 881 892 sancto
904 845 966 891 non
990 827 1141 908 exhibeat,
1164 828 1306 892 adhaec
1327 827 1467 910 opusculi

335 931 495 995 Faustiani
517 934 638 1015 partem
660 933 883 996 recensendam
906 932 1000 996 etiam
1017 932 1173 996 codicisR
1195 932 1344 996 lectiones
1360 934 1466 996 enota-

335 1035 437 1099 uimus
460 1035 562 1100 codice
578 1036 613 1115 P,
637 1035 689 1118 qui
711 1036 777 1118 ipse
801 1054 897 1118 acque
920 1041 1012 1118 atque
1035 1055 1144 1100 omnes
1167 1036 1278 1118 reliqui
1300 1034 1464 1118 praeterV

335 1139 539 1222 interpolatus
574 1143 631 1220 est,
668 1139 826 1204 deterioris
861 1139 1060 1222 eiusdemque
1094 1139 1243 1219 familiae,
1277 1139 1330 1222 qui
1359 1141 1465 1202 tamen

335 1244 418 1308 utilis
442 1247 490 1307 est
516 1245 554 1308 ad
578 1244 818 1323 diiudicandum,
846 1248 952 1307 utrum
975 1244 1114 1328 singulae
1137 1243 1286 1308 lectiones
1314 1241 1465 1307 codicisP

335 1347 374 1411 sd
390 1348 592 1431 archetypum
613 1365 812 1412 communem
832 1348 971 1428 redeant,
994 1365 1033 1411 an
1048 1348 1171 1412 librario
1192 1348 1256 1412 sint
1274 1347 1465 1412 tribuendae.

376 1451 424 1516 Ac
445 1452 582 1516 codicem
597 1453 776 1517 Palatinum
789 1453 815 1516 V
831 1453 941 1516 ceteris
958 1453 1102 1517 omnibus
1117 1451 1204 1516 libris
1218 1451 1357 1516 bonitate
1373 1453 1465 1534 longe

333 1561 491 1638 praestare
507 1557 642 1640 primurn
658 1557 728 1621 inde
744 1557 909 1640 colligitur,
929 1557 1011 1639 quod
1026 1575 1107 1620 unus
1122 1557 1293 1641 genuinum
1309 1555 1466 1638 scriptoris

334 1679 447 1725 nomen
470 1661 607 1726 seruauit
629 1665 661 1724 et
683 1681 719 1724 ex
743 1661 910 1744 exemplari
938 1661 1014 1725 satis
1037 1661 1163 1743 antiquo
1185 1659 1311 1725 fluxisse
1333 1659 1480 1745 uidetur„

334 1783 405 1828 cum
429 1765 551 1829 saeculo
575 1783 655 1830 nono
679 1765 741 1830 iam
764 1765 968 1830 Paschasium
991 1765 1140 1830 librorum
1164 1765 1201 1829 de
1223 1765 1335 1848 spiritu
1358 1768 1465 1828 sancto

334 1869 515 1950 scriptorem
531 1868 674 1934 habitum
686 1859 759 1934 ¹csse
774 1869 952 1934 testimonio
964 1869 1127 1934 Ratramni
1139 1867 1333 1934 Gorbeiensis
1346 1866 1467 1951 (contra

334 1972 522 2038 Graecorum
546 1975 688 2058 apposita
710 1973 777 2038 116
801 1975 848 2056 [in
864 1975 1010 2038 Daoherii
1030 1973 1192 2057 Spicilegio
1214 1971 1287 2036 Ilb
1311 1973 1357 2036 ed.
1382 1971 1466 2054 alt.])

333 2078 502 2158 euInoatur,
532 2079 584 2160 qui
611 2078 697 2142 dicit:
728 2077 924 2141 Paschasius
952 2077 1107 2162 antiquas
1130 2076 1295 2140 Romanae
1324 2074 1410 2138 sadis
1437 2084 1466 2138 ct

334 2179 443 2243 ductor
463 2191 492 2244 at
512 2179 669 2245 diaconas
692 2180 864 2258 inlibato,
887 2203 978 2266 qaam
998 2181 1036 2244 da
1055 2180 1178 2266 spirita
1198 2189 1308 2242 sancto
1323 2178 1466 2264 scripsit,

333 2283 470 2371 Didymi
484 2307 614 2370 sapasim
628 2284 850 2349 Alaaaadriai
865 2285 1005 2372 uestigia
1020 2285 1066 2348 sic
1078 2283 1165 2367 infit:
1179 2306 1252 2346 aaa
1266 2282 1466 2359 scruteris,

332 2389 508 2474 qualiter
532 2390 623 2454 deas
646 2389 698 2453 sit
714 2436 721 2452 .
740 2437 746 2451 .
764 2439 770 2452 .
789 2437 796 2452 .
814 2389 857 2454 dc
877 2388 1123 2452 sublimitate
1144 2387 1341 2451 dubitatio
1357 2387 1412 2470 (z
1428 2388 1466 2451 de

331 2497 403 2578 spir.
420 2515 445 2560 s.
462 2494 512 2560 19
534 2515 564 2578 p.
584 2495 656 2588 lib,
672 2493 714 2557 24
730 2495 833 2579 sqq.).r
860 2495 1024 2560 Retramni
1044 2496 1138 2579 igitur
1158 2493 1351 2578 temporibus
1374 2494 1466 2576 longe

331 2600 480 2683 plurimos
504 2600 623 2664 codices
640 2599 800 2664 Paschasii
823 2599 947 2663 nomine
970 2599 1134 2681 inscriptos
1150 2599 1247 2663 fuisse
1267 2600 1362 2681 petet,
1385 2596 1466 2660 uude

331 2704 393 2768 iam
420 2705 512 2786 longe
536 2709 608 2768 ante
632 2705 791 2767 saeculum
815 2721 932 2767 nonum
960 2702 1058 2767 nostri
1082 2701 1196 2766 codicis
1219 2701 1334 2765 librum
1358 2701 1465 2765 arche-

332 2812 442 2890 typum
465 2809 619 2870 exstitisse
643 2807 785 2871 conicias.

374 2910 434 2976 Sed
447 2911 598 2975 accedunt
612 2911 771 2994 grauiores
788 2929 910 2990 causae,
927 2910 1038 2992 quibus
1054 2909 1168 2973 codicis
1180 2908 1316 2972 Palatini
1332 2907 1464 2972 auctori-

333 3019 430 3079 tatem
454 3015 700 3098 comprobemus.
745 3016 854 3079 insunt
881 3015 965 3078 enim
993 3015 1025 3078 in
1048 3032 1083 3078 eo
1107 3017 1153 3077 tot
1180 3013 1279 3076 bonae
1305 3013 1465 3092 lecticam,

331 3123 364 3183 ut
396 3120 543 3184 sescentis
577 3119 652 3184 locis
687 3119 718 3182 in
753 3119 864 3182 ceteris
899 3117 1056 3182 codicibus
1087 3117 1264 3200 deprauatis
1297 3117 1466 3200 genuinam

330 3224 464 3287 formem
479 3227 699 3306 repraesentet.
738 3223 828 3304 pauci
851 3225 957 3286 autem
979 3222 1025 3286 illi
1047 3222 1115 3302 loci,
1139 3221 1250 3302 quibus
1272 3221 1337 3304 ipse
1353 3221 1465 3284 falsam

330 3329 494 3392 lectionem
523 3327 657 3407 exhibet,
688 3327 732 3390 ita
759 3326 929 3409 comparati
957 3329 1040 3405 sunt,
1071 3329 1106 3390 ut
1134 3323 1254 3388 librarii
1284 3323 1466 3388 oscitantiae

330 3433 432 3515 potius
450 3449 543 3512 quam
560 3431 718 3522 archetypi
734 3431 934 3494 mendositati
950 3429 1054 3494 deberi
1070 3429 1244 3492 uideantur.
1278 3429 1329 3510 qui
1345 3431 1466 3510 praeter

279 3591 280 3596 ,
331 3535 358 3596 V
375 3537 499 3599 exstant
513 3535 584 3599 libri
600 3534 813 3616 manuscripti,
837 3551 945 3598 omnes
969 3535 1006 3596 ad
1027 3551 1125 3596 unum
1145 3532 1276 3596 redeunt
1299 3532 1466 3614 exemplar,

331 3639 411 3721 quod
423 3639 583 3704 Paschasii
599 3639 725 3702 nominc
742 3637 926 3720 inscriptum
943 3641 1063 3701 textum
1080 3636 1186 3699 multis
1203 3636 1266 3700 iam
1283 3635 1465 3717 corruptelis

330 3743 523 3808 laborantem
559 3742 725 3806 exhibebat
757 3741 900 3823 quodque
934 3741 1024 3804 hodie
1062 3741 1177 3822 optime
1215 3742 1466 3822 repraesentatur

331 3849 434 3912 codice
458 3847 599 3910 Parisino
624 3844 736 3910 12203.
783 3865 877 3928 quam
901 3846 938 3909 cb
962 3864 1028 3908 rem
1052 3843 1173 3921 duabus
1196 3844 1323 3908 familiis
1346 3843 1465 3906 codices

331 3971 439 4016 omncs
462 3950 645 4015 accensendi
669 3953 750 4030 sunt,
779 3967 909 4030 quarum
938 3968 1001 4012 una
1027 3953 1179 4029 quantum
1206 3950 1344 4030 praestet
1366 3947 1465 4026 alteri,

330 4057 393 4126 iem
416 4055 564 4138 exemplis
587 4054 753 4136 propositis
778 4052 1076 4116 demonstrabimus:

594 4173 617 4228 V
947 4171 1121 4240 Reliquorum
1140 4171 1260 4224 codicum
1279 4170 1437 4238 archetypus

335 4262 438 4344 102,8
483 4283 613 4325 carmen
924 4261 1076 4324 omittitur
1189 4343 1192 4348 Ι

335 4366 437 4450 102,9
483 4365 647 4453 dispersas
923 4363 1073 4428 diuersas
