3264 5134
650 457 746 512 nicer
764 459 777 512 1
798 462 906 516 12-13.
1304 465 1347 530 45

206 649 325 712 sermo,
356 651 428 696 omn
458 633 547 697 dicit:
580 636 677 698 omni
707 636 878 699 custodia
908 655 1016 700 serua
1046 655 1106 700 eor
1137 642 1249 703 tuum.
1293 641 1348 703 sed

205 739 366 818 apostolus
389 739 457 803 sine
480 738 583 802 diuino
606 739 755 804 adiutorio
783 740 841 805 boc
868 740 934 804 fieri
956 758 1017 804 non
1040 760 1131 825 posse
1154 744 1346 826 manifestat,

205 858 278 906 oum
302 842 392 908 dicit:
421 843 590 908 domiuus
614 844 806 908 custodiat
833 845 945 909 corda
972 849 1102 911 uestra
1132 849 1167 911 et
1198 847 1347 912 intelle·

203 946 354 1030 gentias
370 950 519 1012 uestras
535 948 572 1012 iu
588 945 737 1014 Christo
753 949 848 1013 Iesu.
881 950 993 1014 asserit
1008 951 1161 1034 propheta
1176 953 1345 1018 uoluntatis

203 1052 347 1133 propriae
364 1052 546 1118 facultatem
563 1053 600 1117 de
616 1057 718 1118 semet
729 1053 796 1138 ipso
812 1054 933 1118 dicens:
950 1055 1133 1120 inclinaui
1150 1075 1344 1122 cormeum
1384 1085 1398 1124 a

204 1157 249 1220 ad
272 1157 463 1224 faciendas
485 1159 783 1224 iustificationes
808 1162 901 1225 tuas.
949 1161 1003 1225 sed
1026 1161 1102 1225 nihil
1125 1161 1162 1226 de
1182 1163 1256 1228 solis
1280 1163 1345 1227 eius

204 1261 324 1326 uiribus
348 1263 504 1348 intellegit
526 1265 801 1346 praesumendum,
825 1283 897 1329 oum
917 1266 1090 1348 proclamat
1106 1265 1144 1330 ad
1160 1265 1269 1330 deum:
1294 1267 1346 1332 in-

203 1366 317 1448 clina,
349 1368 463 1451 inquit,
495 1387 555 1433 eor
586 1387 706 1433 meum
737 1369 773 1433 in
804 1370 1020 1436 testimonia
1050 1374 1113 1434 tua
1143 1375 1178 1435 et
1207 1389 1278 1436 non
1308 1372 1345 1435 in

204 1472 414 1538 auaritiam.
454 1477 578 1558 propter
600 1473 735 1538 libemm
758 1473 921 1540 arbitrium
937 1475 1081 1540 indicitm
1097 1475 1199 1540 uobis:
1224 1479 1344 1540 rectos

203 1595 335 1642 cursus
358 1578 416 1642 fac
438 1577 596 1662 pedibus
619 1578 692 1643 tuis
717 1581 753 1642 et
775 1579 854 1644 uias
877 1583 960 1644 tuas
984 1580 1113 1664 dirige.
1149 1581 1203 1644 sod
1226 1598 1282 1646 nos
1306 1581 1345 1645 ad
1373 1609 1397 1647 ιο

202 1683 338 1766 gratiam
362 1683 578 1768 confugientes
605 1701 661 1768 pro
687 1683 879 1748 infirmitatis
903 1685 1092 1749 conscientia
1114 1685 1343 1768 supplicamus:

203 1786 323 1872 dirige
345 1787 383 1852 in
406 1792 611 1872 conspeetu
627 1791 690 1852 tuo
706 1789 805 1852 uiam
821 1807 953 1870 meam,
970 1793 1016 1854 et:
1033 1789 1176 1874 perfice
1191 1809 1344 1873 gressus

203 1909 302 1956 meos
326 1891 363 1956 in
386 1893 532 1958 semitis
555 1893 639 1957 tuis.

245 1996 385 2080 Imperat
407 1996 508 2078 nobis,
532 1998 585 2080 qui
606 1998 748 2081 propriae
772 1998 942 2062 uoluntatis
958 1999 1097 2082 generali
1112 1999 1343 2082 dispensatione

202 2100 250 2164 ius
273 2100 399 2166 tribuit:
431 2102 656 2167 inluminate
687 2101 795 2167 uobis
826 2103 951 2168 lumen
986 2103 1177 2168 scientiae.
1224 2122 1279 2188 pro
1307 2122 1342 2169 eo
1371 2131 1395 2172 ιε

202 2223 286 2286 uero,
310 2206 393 2288 quod
408 2209 508 2270 totum
525 2208 565 2271 ad
580 2210 738 2270 auctorem
754 2207 874 2292 gratiae
897 2207 1095 2272 referendum
1112 2212 1169 2289 est,
1189 2209 1342 2292 legimus:

201 2309 262 2391 qui
282 2309 391 2374 docet
410 2311 598 2376 homiuem
619 2311 833 2392 scientiam,
858 2312 922 2376 uel:
947 2313 1116 2377 dominus
1140 2313 1343 2378 inluminat

200 2423 347 2496 eaeco's,
375 2416 557 2480 etiterum:
588 2416 770 2481 inlumina
796 2417 923 2481 oeulos
952 2435 1066 2498 mooe,
1097 2438 1140 2482 ue
1169 2436 1341 2500 nmquam

200 2519 438 2584 obdormiant
460 2520 496 2585 in
518 2525 688 2602 mortem,
709 2524 754 2585 et:
771 2520 903 2586 beatus
925 2522 1046 2602 homo,
1070 2541 1175 2605 quem
1202 2527 1239 2587 tu
1264 2543 1341 2587 eru·

200 2623 331 2705 dietis,
354 2625 516 2706 domine,
545 2629 581 2689 et
611 2625 653 2689 de
676 2626 758 2710 lege
781 2629 845 2690 tua
867 2627 1036 2691 docueris
1060 2646 1149 2690 eum.
1183 2628 1340 2711 apostolus
1366 2655 1393 2694 ro

200 2726 319 2793 arbitrii
342 2729 535 2812 praedicator
557 2729 737 2794 libertatem
765 2731 830 2794 eius
858 2730 901 2794 ita
928 2731 1038 2795 incitat
1065 2731 1188 2796 dicens:
1221 2735 1340 2796 custo-

200 2833 274 2898 dite
299 2834 443 2899 animas
466 2838 630 2918 uestras,
662 2835 715 2899 sed
744 2835 988 2900 misericordiam
1013 2835 1062 2900 dei
1084 2839 1274 2920 protestatur
1297 2837 1341 2901 ita

199 2955 467 3004 commemorans:
503 2940 672 3005 dominus
707 2941 896 3006 custodiat
929 2941 1128 3006 introitum
1164 2945 1275 3006 tuum
1306 2947 1341 3006 et

200 3043 339 3107 exitum
362 3047 475 3108 tuum.
515 3065 570 3129 per
586 3045 664 3110 haec
679 3045 793 3128 itaque,
818 3044 931 3128 quibus
954 3045 1046 3111 modo
1069 3044 1190 3110 arbitrii
1212 3045 1339 3112 libertas

199 3147 363 3230 adseritur,
387 3149 479 3213 modo
502 3149 645 3214 caelestis
668 3150 798 3234 largitas
822 3151 1064 3232 demonstratur,
1087 3171 1171 3216 nune
1185 3151 1278 3216 borno
1302 3152 1339 3215 de
1365 3176 1391 3218 re

199 3253 355 3318 concessis
378 3253 496 3318 uiribus
520 3254 713 3334 admonetur,
742 3275 781 3319 ne
805 3255 843 3319 de
866 3257 931 3320 sola
954 3257 1057 3340 gratia
1082 3259 1186 3338 speret
1212 3256 1338 3337 otiosus,

200 3375 281 3422 uunc
304 3357 342 3422 de
366 3357 469 3442 gratia
492 3377 616 3442 sperare
638 3359 838 3441 praecipitur,
870 3379 908 3424 ne
936 3360 974 3424 de
1002 3361 1067 3424 solo
1095 3361 1136 3424 ait
1162 3358 1267 3424 labore
1290 3379 1339 3424 se-

198 3480 301 3526 curus.
341 3463 396 3526 sed
419 3462 513 3526 dicis:
537 3464 568 3526 si
590 3463 892 3546 praedestinatio
915 3481 986 3529 non
1009 3468 1081 3546 est,
1109 3482 1172 3528 our
1200 3465 1236 3528 in
1258 3482 1339 3547 par-

198 3567 296 3632 uulis
325 3567 390 3631 alii
421 3566 678 3652 baptizantur,
710 3568 776 3632 alii
806 3569 884 3633 sine
914 3569 1092 3653 baptismi
1123 3569 1338 3663 sanctifica·

304 3783 331 3852 1]
350 3783 428 3838 Prcu.
442 3785 467 3850 4,
479 3785 522 3840 23.
584 3785 612 3854 3]
631 3783 776 3850 Philan
839 3785 866 3855 5]
886 3785 984 3841 Psalm.
999 3789 1056 3852 118,
1071 3739 1141 3844 112.Ι
1191 3787 1219 3858 7]
1237 3787 1336 3844 Psalm.

199 3873 257 3935 118,
269 3872 312 3926 36.
381 3869 422 3940 12]
441 3870 540 3926 Psalm.
554 3875 621 3936 5‚9;
642 3875 682 3936 16,
695 3875 719 3928 5.
787 3872 831 3942 17]
849 3872 1004 3938 Psalm93,
1019 3877 1059 3930 10,
1128 3873 1227 3930 Psalm.
1242 3877 1300 3942 145,
1312 3879 1337 3934 8.

200 3957 243 4028 18]
256 3955 355 4012 Psalm.
371 3960 411 4022 12,
425 3962 447 4014 5.
496 3957 707 4029 19]Psa1m.ee,
722 3963 760 4016 12.
806 3961 852 4030 21]
871 3961 921 4014 Ier.
937 3963 976 4028 17,
989 3963 1030 4018 21.
1075 3961 1121 4032 23]
1133 3961 1232 4017 Psalm.
1244 3965 1336 4028 120,8.

242 4159 363 4229 lemni]
387 4159 414 4213 P
481 4159 626 4230 lassarit]
650 4161 677 4214 in
700 4161 804 4217 add.v
873 4163 1025 4217 9auaritia
1047 4165 1075 4218 P
1144 4167 1176 4220 10
1199 4181 1288 4220 oursos
1311 4167 1339 4220 P

199 4249 227 4301 11
249 4245 429 4315 confugientia
448 4247 489 4302 P¹
555 4250 587 4303 14
606 4248 710 4318 inperat
728 4249 755 4304 P
821 4252 852 4306 15
871 4249 1056 4306 illuminarer>
1121 4253 1153 4308 19
1172 4251 1337 4308 dormiamo

197 4337 310 4389 mortae
363 4335 395 4390 21
410 4333 588 4403 praediatorv
640 4337 674 4390 26
686 4338 894 4391 ammoneturP
944 4339 977 4392 27
994 4336 1083 4392 labore
1096 4338 1159 4394 aito
1210 4341 1244 4396 28
1261 4355 1336 4412 prae·

197 4419 334 4476 dmtiuatio
353 4421 381 4476 P
432 4437 500 4489 quur
518 4423 546 4476 P
