3244 5130
635 492 731 545 Liber
749 493 762 546 1
781 497 855 548 6-7.
1252 496 1308 558 lll

172 666 262 730 mede
294 685 366 730 eum
397 685 496 748 usque
527 668 566 731 ad
594 667 732 732 iacturae
759 667 924 732 humiliare
950 668 1123 750 praesumis
1147 669 1312 734 iniuriam?

172 787 227 834 uos
250 787 325 836 uero
349 770 494 853 spiritum
519 771 568 834 dai
592 789 654 835 nen
677 771 714 834 de
737 775 827 854 patre
843 771 913 854 diei,
938 773 991 836 sed
1007 773 1129 857 proprie
1147 773 1184 837 de
1201 774 1313 856 spiritu

171 877 278 940 saneto
303 874 500 940 euidentibus
523 857 711 940 testimoniis
736 876 1029 942 demonstrabimus.

213 979 362 1063 Legimus
379 979 409 1043 iu
424 979 517 1045 Esaia
540 999 632 1062 super
655 980 816 1044 dominum
830 980 936 1058 Iesum
953 982 1149 1046 descendisse
1166 983 1312 1066 spiritum

171 1083 299 1164 demini,
330 1084 473 1168 spiritum
497 1085 666 1166 sapientiae
691 1088 722 1148 et
744 1085 931 1165 intellectus,
963 1086 1107 1169 spiritum
1135 1087 1257 1152 consilii
1281 1091 1312 1152 et
1351 1113 1364 1150 s
1446 1101 1448 1104 ·

171 1187 373 1269 fortitudinis,
398 1188 540 1271 spiritum
565 1189 713 1252 scientiae
737 1193 768 1252 at
790 1189 927 1272 pietatis.
951 1189 988 1254 da
1004 1191 1063 1256 hee
1078 1191 1184 1274 itaque
1200 1191 1311 1274 spiritu

169 1291 297 1373 domini,
313 1293 364 1374 qui
382 1311 476 1376 supra
491 1293 680 1358 saluatorem
696 1311 783 1378 saera
797 1293 957 1358 deseendit
968 1294 1101 1378 inlapsu,
1117 1315 1172 1377 per
1184 1296 1310 1360 Esaiam

169 1395 250 1462 filius
274 1397 364 1462 dicit:
388 1397 545 1482 spiritus
569 1397 708 1462 domini
730 1416 840 1481 super
863 1417 933 1480 me,
957 1401 988 1462 et
1011 1399 1207 1483 euangelista
1228 1399 1311 1464 Mat·

169 1500 297 1566 thaeus:
329 1519 412 1566 2222
441 1502 562 1585 aperti
585 1506 672 1566 sunt
695 1501 728 1566 ei
751 1503 846 1566 eaeli
874 1507 909 1566 et
936 1503 1032 1568 uidit
1054 1504 1228 1587 spiritum
1252 1505 1311 1568 dei

168 1605 460 1671 dsscendentem
483 1625 594 1689 super
618 1625 698 1671 aum
722 1607 819 1670 sicut
841 1606 1059 1672 columbam.
1099 1608 1182 1672 hune
1205 1612 1309 1672 autam
1338 1634 1362 1674 ιο

168 1709 314 1791 spiritum
344 1710 404 1792 dei,
435 1729 527 1793 quem
558 1711 591 1776 in
621 1709 776 1794 baptismo
807 1710 946 1775 saluatur
977 1711 1110 1794 aceepit,
1146 1713 1310 1777 manifeste

168 1814 313 1897 spiritum
348 1819 492 1880 sanetum
527 1834 595 1880 essa
629 1815 730 1880 Lucas
766 1815 960 1898 euangelista
992 1815 1152 1900 perducuit
1189 1817 1309 1882 dieens:

167 1916 274 1984 Iesus
298 1919 432 2003 planus
456 1920 592 2003 spiritu
616 1923 747 1984 saneto
770 1938 966 2004 regressus
990 1923 1046 1984 est
1072 1919 1116 1984 ab
1140 1921 1307 1986 Iordane.

167 2022 302 2107 legimus
334 2024 366 2088 in
396 2023 461 2089 Ioel
492 2024 657 2108 propheta:
693 2024 729 2088 in
763 2023 893 2088 diebus
927 2023 1006 2088 illis
1042 2024 1233 2090 effundam
1268 2025 1309 2090 da

167 2127 305 2210 spiritu
329 2147 407 2192 meo
430 2147 540 2212 super
563 2145 706 2192 omnem
730 2145 887 2192 earnem.
927 2129 1010 2210 quod
1037 2129 1109 2193 dieit
1136 2129 1173 2192 de
1197 2129 1310 2212 spiritu
1337 2155 1361 2194 ra

168 2249 247 2312 meo,
264 2231 302 2296 de
318 2235 426 2298 saneta
442 2233 552 2316 spiritu
569 2233 687 2297 dietum
703 2252 771 2298 essa
786 2233 990 2297 manifestum
1007 2237 1063 2314 est,
1081 2233 1162 2315 quia,
1186 2234 1309 2316 quando

167 2339 295 2400 sanetus
318 2337 444 2420 spiritus
472 2355 565 2420 super
589 2337 744 2420 apostolos
768 2355 856 2401 saara
879 2338 1155 2422 quinquagesimae
1184 2339 1309 2403 sollem-

167 2439 265 2505 nitate
290 2441 458 2522 deseendit,
482 2445 556 2506 tune
579 2441 661 2506 istud
686 2441 900 2506 testimonium
924 2441 961 2505 de
982 2441 1135 2526 propheta
1150 2443 1308 2526 apostolus

167 2543 281 2610 Petrus
305 2545 490 2629 adsumpsit.

210 2647 261 2714 Ad
286 2648 345 2715 hue
367 2649 511 2733 spiritum
535 2651 633 2735 patris
656 2651 760 2733 ipsum
784 2670 853 2715 essa
876 2651 1021 2734 spiritum
1044 2655 1189 2716 sanetum
1212 2669 1308 2716 euan-
1335 2677 1360 2718 22

167 2753 249 2836 galia
279 2754 402 2820 diuerso
429 2772 582 2836 sermone,
614 2755 668 2818 sed
695 2773 832 2820 eensona
859 2756 991 2820 ueritate
1022 2757 1202 2821 decuerunt.
1235 2774 1308 2820 nam

167 2875 238 2922 eum
262 2857 443 2922 Matthaeus
474 2859 598 2924 dixerit:
633 2877 704 2924 non
736 2860 834 2925 enim
865 2879 930 2925 uos
961 2861 1068 2942 estis,
1100 2862 1162 2943 qui
1191 2861 1308 2943 lequi-

167 2961 274 3043 mini,
298 2961 362 3026 sed
383 2962 540 3046 spiritus
557 2965 675 3045 patris
699 2965 833 3045 uestri,
857 2965 916 3046 qui
939 2965 1104 3048 loquitur
1127 2965 1164 3030 in
1187 2963 1307 3046 uubis,

168 3064 251 3130 hune
275 3066 420 3149 spiritum
442 3069 539 3150 patris
563 3071 670 3150 aperte
693 3069 838 3152 spiritum
861 3073 1006 3133 sanetum
1026 3087 1094 3134 esse
1110 3069 1236 3134 Marcus
1257 3089 1308 3134 an-

168 3171 271 3253 pesuit
294 3171 415 3236 diceus:
446 3172 543 3253 qued
566 3172 691 3236 datum
714 3173 819 3238 uobis
850 3172 966 3237 fuerit
991 3173 1027 3238 in
1051 3173 1118 3238 illa
1140 3174 1241 3256 hora,
1272 3174 1308 3238 id
1334 3201 1359 3240 2⁵

168 3274 379 3357 loquimini.
409 3293 479 3340 uon
503 3276 599 3340 enim
623 3294 688 3340 uos
712 3277 804 3342 estis
828 3278 1041 3359 loquentes,
1065 3277 1128 3352 sed
1151 3279 1306 3362 spiritus

169 3383 336 3444 sanetus.
375 3383 406 3444 et
427 3379 529 3446 Lucas
552 3381 695 3446 similiter
717 3381 800 3446 hune
823 3382 967 3464 spiritum
998 3381 1047 3446 dai
1069 3385 1214 3448 sanetum
1238 3401 1306 3448 essa
1367 3455 1373 3470 ⁸

270 3595 483 3666 masuras.
538 3597 566 3666 a]
585 3597 654 3651 usar.
669 3599 710 3661 ar,
725 3601 746 3654 1.
806 3597 834 3668 e]
853 3597 1041 3664 Manuale.
1106 3599 1304 3670 iurarent.

169 3681 214 3752 14]
235 3682 291 3736 noar
309 3685 333 3746 2,
345 3685 387 3738 22.
442 3683 488 3752 22]
507 3683 603 3738 unuin.
620 3687 659 3748 10,
672 3686 713 3739 an.
767 3685 813 3754 22]
831 3685 911 3740 uara.
928 3687 966 3748 13,
982 3689 1020 3742 11.

211 3890 387 3948 lhumiliure
406 3893 500 3949 mnV
551 3893 792 3962 praesumimusV
842 3893 1167 3950 3demonstranimuaV
1225 3899 1306 3968 tper

164 4005 313 4060 ssaiumV
362 4005 428 4060 12212
446 4007 473 4060 P
526 3969 584 4090 s'ni'u
608 4007 793 4076 Neaera-ser
807 4025 879 4063 man.
892 4009 952 4076 alt.)
1005 4011 1160 4064 5sanctum
1178 4017 1241 4066 ante
1258 4009 1305 4064 do-

163 4090 232 4146 miui
249 4091 344 4148 adda
397 4091 527 4162 tillapsu
546 4095 573 4148 P
624 4092 716 4147 isaiam
735 4093 763 4148 P
813 4095 971 4150 8mathaus
990 4096 1045 4150 PV
1097 4099 1129 4152 10
1147 4112 1226 4166 super
1243 4113 1303 4152 euru

162 4195 250 4234 0222
323 4179 817 4250 12222222212212122211221211212
889 4185 920 4238 14
941 4181 1011 4236 iohal
1030 4183 1084 4238 PV
1154 4186 1186 4240 16
1208 4184 1304 4254 spiritu

163 4266 297 4320 saueteP
351 4269 381 4322 17
401 4281 479 4336 super
497 4282 519 4321 2.
533 4283 570 4336 sp.
585 4283 605 4320 s.
620 4266 647 4321 P
698 4267 892 4338 sollempnitate
906 4270 933 4323 P
986 4271 1017 4326 19
1034 4271 1167 4326 asseth
1217 4273 1251 4326 20
1270 4270 1303 4324 ad

164 4351 216 4405 hoe
231 4353 339 4422 scripsi,
358 4351 444 4406 adhuc
463 4354 493 4421 V,
512 4353 623 4408 huueP
674 4355 851 4424 euangelistae
865 4357 893 4410 P
943 4359 976 4412 22
989 4357 1111 4410 matheus
1124 4358 1180 4413 PV
1229 4359 1262 4413 25
1275 4358 1303 4411 in

163 4437 294 4492 illabere
313 4457 364 4494 mn,
378 4441 405 4493 P
465 4439 504 4509 id]
524 4440 636 4508 quidV
695 4445 728 4497 26
745 4442 924 4512 loqueminie
982 4446 1014 4498 27
1034 4445 1157 4514 spiritum
1176 4461 1230 4498 esse
1249 4461 1304 4502 su
