3264 5134
325 485 365 546 16
786 483 807 536 Ι,
828 483 871 534 De
889 481 998 549 gratia

324 660 489 742 ‹lu-putatus
505 660 637 742 ignorat,
661 661 826 739 utramque
851 661 955 721 tamen
979 660 1101 739 partem
1123 655 1256 720 deliram
1277 674 1344 719 esse
1368 659 1399 720 et
1414 656 1462 719 in-

324 763 507 828 mutabilem
533 781 593 827 non
618 763 748 846 ignorat.
775 763 848 845 quid
871 763 976 842 refert,
1007 763 1033 824 si
1054 762 1191 826 nondum
1215 761 1337 825 nouerit
1359 761 1462 824 locum

324 887 430 948 suum,
459 869 511 950 qui
540 867 756 932 definitissime
785 869 885 947 nouit,
916 865 1137 948 quianullum
1165 867 1226 929 ianr
1254 865 1384 948 recipiat
1411 865 1462 928 uel

324 972 449 1035 dextera
467 973 638 1055 perieulum
654 973 705 1036 uel
722 973 847 1036 sinistra
858 971 1054 1055 protectum?
1072 970 1179 1052 quodsi
1195 971 1295 1034 adhue
1311 973 1376 1033 tam
1389 986 1462 1032 con·

284 1091 296 1129 o
324 1077 393 1140 lusa
415 1078 574 1160 persuasio
595 1077 764 1140 orationem
787 1075 994 1139 necessariam
1010 1078 1110 1157 putat,
1134 1073 1345 1138 indubitanter
1367 1091 1462 1156 aguc-

324 1185 400 1262 soat,
425 1181 497 1262 quia
519 1184 627 1245 eontra
651 1180 862 1244 definitionem
880 1198 969 1242 suam
987 1181 1018 1242 et
1034 1178 1071 1240 de
1088 1178 1187 1242 salute
1204 1178 1242 1241 ad
1257 1177 1461 1260 perditionem

324 1289 355 1348 et
371 1286 407 1348 de
423 1285 593 1367 perditione
610 1286 740 1348 transire
756 1284 871 1366 poterit
888 1283 1085 1347 adsalutem.
1115 1283 1140 1346 si
1157 1300 1230 1365 ergo
1246 1282 1352 1346 orandi
1369 1300 1460 1344 usum

323 1389 633 1473 praetermittendum
666 1407 733 1451 esse
765 1407 826 1454 nou
858 1388 1017 1467 aestimat,
1053 1387 1190 1450 studium
1222 1404 1284 1450 non
1318 1385 1462 1449 excludat

323 1494 478 1576 operandi.
512 1493 650 1575 quidest
668 1493 748 1556 hoc?
778 1493 902 1576 pulsare
919 1491 1031 1556 debere
1055 1510 1105 1554 me
1129 1491 1246 1554 iudicas
1269 1493 1299 1554 et
1322 1490 1461 1572 aperien-

273 1615 297 1653 ιο
324 1599 398 1661 dum
422 1599 497 1660 mihi
521 1617 589 1661 esse
613 1597 779 1680 desperas?
818 1597 1004 1660 alterutrum
1028 1612 1100 1678 ergo
1123 1595 1228 1674 iaciat,
1252 1599 1304 1658 aut
1326 1594 1461 1658 fructum

324 1703 470 1766 orationis
494 1705 588 1785 neget
610 1705 666 1764 aut
687 1701 790 1784 legem
813 1703 950 1764 statutae
972 1699 1155 1782 perditionis
1178 1699 1329 1762 excludat.
1375 1698 1461 1761 uide·

323 1827 393 1870 rnus
424 1807 542 1888 itaque,
577 1807 648 1888 quia
678 1805 754 1868 haec
784 1805 877 1888 plena
907 1805 1017 1869 erroris
1049 1804 1192 1883 asserti0,
1227 1803 1301 1866 durn
1334 1819 1461 1866 causam

323 1911 501 1974 intercludit
524 1910 641 1990 orandi,
666 1909 703 1972 de
726 1911 794 1972 luce
817 1910 936 1992 gratiae
959 1909 1068 1989 incipit
1091 1911 1121 1971 et
1137 1907 1207 1970 finis
1231 1907 1297 1970 eius
1321 1907 1352 1970 in
1375 1910 1462 1969 tene-

324 2015 395 2078 bras
416 2015 567 2097 sacrilegii
591 2015 726 2078 decurrit
742 2031 778 2076 ae
794 2013 906 2076 delicit.
938 2013 982 2076 sic
998 2011 1139 2076 diabolus
1162 2011 1329 2075 calliditate
1345 2010 1460 2074 ueteris

273 2137 296 2175 1⁵
323 2119 445 2184 artificii
478 2137 513 2182 ac
545 2118 745 2182 multiformis
776 2119 891 2200 ingenii
922 2117 1027 2181 condit
1055 2116 1272 2180 blandimenta
1302 2114 1458 2198 peccandi.

323 2225 367 2287 sic
384 2225 479 2286 etiam
495 2221 627 2286 malefici
644 2223 746 2286 facere
763 2223 873 2302 solent,
895 2221 948 2303 qui
964 2221 1139 2286 mortiferos
1156 2220 1324 2284 herbarum
1340 2224 1460 2302 tempe-

323 2331 394 2392 rant
417 2345 517 2408 sucos,
542 2328 573 2390 in
598 2327 720 2391 condito
737 2330 791 2390 aut
811 2326 914 2407 aliquo
935 2325 1015 2388 dulci
1031 2325 1141 2408 poculo
1165 2323 1375 2388 nescientibus
1391 2341 1461 2407 prc-

322 2432 475 2516 pinaturis
498 2435 625 2515 gustum
649 2431 781 2494 mentita
809 2431 964 2494 suauitate
987 2435 1175 2513 conponunt,
1203 2429 1288 2492 uirus
1312 2429 1461 2492 amaritu-

324 2539 402 2601 dinis
419 2537 587 2601 obscurant
609 2535 716 2599 fraude
733 2536 915 2599 dulcedinis.
948 2539 1092 2617 prouocat
1116 2534 1235 2616 primus
1252 2535 1325 2596 odor
1348 2533 1460 2616 poculi,

271 2657 297 2696 2⁰
325 2643 378 2706 sed
401 2642 559 2726 praefocat
581 2641 719 2704 inclusus
744 2657 835 2723 sapor
857 2640 978 2703 ueneni.
1012 2639 1074 2701 mel
1099 2638 1249 2719 estquod
1273 2637 1413 2701 ascendit
1428 2638 1460 2700 in

322 2746 415 2826 labia,
438 2746 479 2809 fel
504 2744 654 2826 estquod
678 2744 837 2808 deseendit
859 2745 891 2807 in
915 2744 1044 2806 uiscera.

366 2850 493 2929 Dicunt,
517 2849 598 2930 quod
618 2850 650 2913 in
668 2849 815 2913 alterutro
839 2867 943 2912 rerum
969 2851 1053 2911 statu
1077 2847 1146 2910 illos
1170 2846 1229 2911 sibi
1253 2864 1336 2910 mors
1359 2845 1461 2910 uindi-

323 2959 382 3034 cet,
406 2955 481 3018 istos
504 2955 569 3017 uita
585 2953 739 3017 defendat.
769 2971 935 3035 quaecum
959 2952 1073 3031 dicant,
1097 2951 1150 3032 qui
1172 2971 1271 3014 unum
1294 2952 1325 3014 in
1342 2950 1458 3034 origiue

323 3059 490 3141 perditum,
518 3059 650 3121 alterum
679 3058 710 3120 in
738 3056 1019 3140 praedestinatione
1047 3055 1191 3119 adfirmat
1217 3057 1360 3135 electum,
1388 3055 1458 3118 uide

271 3177 297 3216 25
324 3181 383 3244 quo
412 3160 541 3244 inproba
567 3162 767 3242 persuasione
791 3161 933 3225 declinet.
980 3161 1053 3242 quid
1078 3161 1159 3224 enim
1185 3160 1267 3222 aliud
1291 3160 1375 3240 dicit,
1397 3159 1460 3222 uisi

323 3267 404 3348 quod
429 3266 579 3330 adiutorio
603 3265 751 3329 orationis
775 3269 885 3328 neuter
912 3265 1072 3346 indigeat?
1118 3282 1190 3327 nam
1218 3265 1281 3327 iarn
1303 3263 1459 3346 praeordi-

323 3373 404 3436 natis
429 3372 467 3434 ad
490 3371 588 3435 uitam
612 3371 788 3434 necessaria
804 3387 864 3433 non
882 3370 950 3450 erit,
974 3370 1129 3452 deputatis
1151 3369 1189 3432 ad
1213 3371 1346 3433 mortem
1369 3368 1460 3450 prod-

324 3495 391 3540 esse
415 3493 476 3539 non
497 3475 619 3558 poterit.
650 3475 683 3537 iu
699 3474 757 3538 isto
775 3491 977 3556 superuacua,
1000 3475 1031 3536 in
1048 3474 1101 3537 illo
1123 3473 1247 3537 infirma
1261 3472 1457 3536 iudicabitur.

322 3579 473 3645 beneficia
490 3578 734 3662 supplicationis,
754 3579 804 3660 qui
821 3579 852 3642 in
866 3579 1081 3660 adquisitionis
1097 3577 1377 3660 praedestinatione
1400 3581 1459 3656 est,

271 3697 296 3736 ³⁰
323 3703 384 3749 uon
413 3683 551 3765 requirit,
581 3683 633 3764 qui
659 3700 732 3746 uero
748 3682 779 3744 in
795 3683 976 3764 perditionis
999 3685 1098 3764 parte,
1123 3700 1185 3745 non
1207 3682 1324 3764 recipit.
1362 3679 1459 3762 quod-

323 3789 349 3851 si
365 3805 470 3852 curam
487 3786 727 3870 impendendam
744 3787 891 3850 aestimat
906 3786 1046 3866 orationi,
1070 3785 1281 3849 indubitanter
1296 3785 1461 3867 intellegat

366 3993 655 4063 8praetermitendum
674 3995 701 4048 P
761 3995 869 4048 estimat
886 3995 914 4048 P
974 3993 1112 4062 9pulsare
1132 3992 1226 4046 debere
1244 3993 1283 4058 (re
1303 3990 1367 4045 debe
1386 4009 1457 4044 oran.

323 4083 381 4149 alt.)
401 4084 428 4136 P
493 4084 524 4137 10
544 4081 662 4150 dispares
681 4082 708 4136 P
773 4084 804 4137 12
822 4081 902 4150 plana
920 4083 948 4135 P
1012 4085 1043 4136 14
1066 4079 1178 4134 incurrit
1202 4080 1229 4134 P
1291 4077 1414 4132 diabulus
1433 4079 1462 4131 P

324 4173 356 4225 17
374 4168 552 4238 propinaturis
571 4171 677 4238 sampsi,
696 4169 862 4238 propinaturi
881 4171 908 4223 P
959 4171 991 4224 21
1012 4168 1143 4222 discendit
1161 4169 1188 4222 P
1232 4169 1266 4222 23
1285 4165 1405 4220 defendit
1418 4167 1457 4220 P¹

323 4255 394 4309 dicat
414 4257 462 4322 P¹,
482 4255 608 4310 dicuutv
669 4258 702 4311 24
720 4255 955 4325 praedistiuatioue
974 4257 1002 4309 P
1061 4259 1094 4310 29
1113 4255 1174 4322 quia
1192 4255 1220 4308 P
1274 4252 1459 4321 adquisitionis

322 4342 561 4412 praedestinatione
574 4344 680 4410 scripsi,
693 4342 877 4410 adquisitionis
889 4342 1137 4410 praedistinationes
1149 4343 1182 4408 P,
1194 4339 1370 4408 adquisitione
1382 4355 1457 4407 prae·

323 4429 507 4483 destinationis
525 4448 541 4483 a
