3264 5134
322 467 363 534 76
780 465 802 521 1.
821 465 867 520 De
887 465 996 534 gratie

321 643 512 728 appetitus
543 644 621 707 eius
649 646 685 706 et
708 645 747 706 tu
769 638 1022 706 dominaberis
1044 639 1159 704 illius.
1199 639 1285 703 nulla
1308 637 1456 721 peccandi

322 748 508 812 necessitate
531 747 735 826 concluditur,
766 745 853 810 cuius
876 744 1055 810 discretioni
1078 743 1294 824 committitur,
1324 746 1360 806 ut
1386 761 1457 826 pec-

321 855 390 917 eato
414 851 579 935 superioris
601 851 747 916 libertate
770 849 953 915 dominetur.
993 849 1127 933 degener
1150 866 1223 913 uero
1246 847 1381 928 animus,
1404 847 1457 929 qui

321 976 393 1022 cum
420 955 571 1021 beneficio
599 956 648 1020 dei
676 956 713 1020 de
739 960 867 1039 peccato
895 957 999 1039 potest
1021 952 1186 1019 uictoriam
1209 951 1368 1034 consequi,
1391 969 1456 1016 ma-

282 1089 295 1129 a
321 1063 391 1126 uult
413 1079 485 1125 oum
508 1061 628 1126 offensa
650 1060 700 1125 dei
723 1079 831 1125 seruus
856 1079 924 1125 esse
946 1057 1076 1143 peccati.

364 1166 450 1247 Quae
472 1184 544 1230 cum
566 1165 611 1230 ita
633 1166 705 1245 siut,
728 1169 800 1248 post
821 1163 913 1249 primi
928 1163 1063 1229 hominis
1078 1161 1377 1246 praeuaricationem
1397 1178 1457 1225 non

321 1289 405 1336 mors
428 1269 557 1351 arbitrii,
588 1269 644 1334 sed
665 1268 843 1350 iufirmitas,
866 1286 924 1333 nee
946 1267 1183 1352 inpossibilitas,
1213 1265 1268 1330 scd
1290 1264 1456 1330 difficultas

320 1375 477 1460 proposito
507 1373 613 1438 labore
643 1374 801 1438 successit.
841 1373 895 1437 sed
927 1375 958 1437 et
979 1371 1061 1438 Abel
1091 1370 1204 1437 diuinis
1234 1370 1356 1454 plaeere
1386 1387 1456 1434 con-

322 1479 478 1563 spectibus
500 1498 555 1562 per
578 1478 709 1543 insitum
732 1497 751 1542 a
773 1477 828 1544 deo
851 1477 1038 1562 generaliter
1057 1474 1186 1556 bonum,
1208 1475 1239 1539 id
1256 1477 1303 1538 est
1317 1493 1373 1557 per
1388 1492 1457 1557 pro·

271 1613 295 1650 ιο
321 1586 407 1670 price
430 1584 546 1648 meruit
568 1584 739 1648 uoluntatis
760 1582 919 1648 affectum.
958 1581 1009 1646 hio
1025 1599 1108 1664 ergo,
1131 1579 1180 1644 oui
1195 1597 1368 1664 cognomen
1384 1579 1456 1642 iusti

321 1689 529 1754 inmaculatae
552 1687 636 1752 uitae
658 1687 818 1771 perfectio·
831 1686 926 1768 dedit,
957 1703 1017 1768 quo
1046 1685 1205 1750 erudiente
1232 1683 1369 1748 iustitiae
1392 1701 1456 1746 sec-

322 1798 403 1859 tator
419 1795 573 1874 existeret,
598 1792 658 1856 uisi
673 1811 746 1856 eum
768 1793 817 1857 lex
839 1789 1012 1856 uisceribus
1035 1789 1186 1874 inscripta
1200 1787 1379 1853 docuisset?
1402 1790 1457 1851 aut

321 1899 403 1964 uude
426 1898 593 1981 placituras
614 1897 671 1961 deo
694 1897 813 1962 hostias
837 1899 870 1960 et
891 1915 946 1979 per
968 1895 1074 1978 ignem
1097 1893 1226 1958 caelitus
1249 1891 1455 1956 adsumendas

322 2003 359 2066 de
390 2001 533 2084 adipibus
558 2005 589 2065 ct
610 2001 758 2083 primitiis
782 2001 893 2064 scisset
916 1999 1040 2084 eligere,
1071 1998 1131 2062 uisi
1160 1997 1248 2078 fides,
1279 2015 1358 2078 quae
1385 2014 1454 2060 eum

270 2135 295 2172 15
322 2111 493 2170 amatorem
524 2105 679 2169 uirtutum
709 2105 835 2185 lecerat,
866 2104 1060 2188 inspirasset,
1095 2103 1176 2166 sicut
1204 2101 1352 2186 legimns:
1382 2100 1455 2164 lide

321 2210 520 2295 plurimam
550 2209 712 2274 hostiam
742 2208 837 2273 Abel
868 2227 973 2290 quam
1005 2207 1094 2272 Cain
1123 2206 1263 2271 obtulit
1292 2205 1456 2269 testimo·

323 2316 422 2380 nium
449 2313 671 2397 perhibente
694 2312 911 2378 muueribus
935 2312 1014 2376 eius
1037 2312 1111 2376 deo.
1150 2311 1232 2393 quod
1259 2305 1456 2392 nequaquam

322 2419 462 2486 obtinere
492 2419 656 2503 potuisset,
687 2419 747 2483 nisi
777 2419 816 2482 ad
846 2417 963 2482 domiui
993 2417 1107 2481 donum
1138 2416 1248 2479 famuli
1276 2415 1456 2478 accessisset

322 2524 517 2606 obsequium.
543 2527 574 2587 et
596 2527 630 2588 tu
653 2523 730 2587 nihil
754 2541 825 2586 enm
848 2521 1040 2587 ordinatione
1060 2520 1109 2584 dei
1124 2518 1238 2584 habere
1253 2519 1372 2582 iudicas
1388 2535 1457 2602 pro·

270 2657 295 2696 ro
321 2630 434 2711 prium,
450 2629 537 2694 ouius
554 2628 710 2692 deuotioni
725 2629 800 2692 deus
816 2626 959 2710 perhibet
973 2625 1208 2690 testimonium?
1235 2624 1321 2688 uides
1341 2623 1456 2688 bonum

322 2733 513 2797 credulitatis
536 2751 598 2797 non
621 2733 780 2797 nouellum
809 2751 877 2796 esse
900 2730 1111 2813 priuilegium,
1140 2729 1195 2793 scd
1222 2732 1396 2808 uetustum,
1427 2730 1457 2790 et

322 2839 402 2902 inter
428 2837 496 2919 ipsa
522 2837 629 2901 muudi
660 2836 862 2901 coalescentis
894 2835 1016 2899 exordia
1045 2837 1184 2898 mentem
1214 2833 1347 2898 bominis
1378 2833 1457 2896 sieut

322 2942 482 3004 intellectu
509 2945 600 3022 atque
622 2941 743 3005 ratione
771 2941 816 3004 ita
839 2941 931 3004 etiam
955 2939 1015 3002 fide
1039 2957 1057 3002 a
1080 2957 1202 3003 summo
1225 2941 1350 3002 auctore
1373 2937 1457 3001 dota-

324 3048 410 3108 tam?
444 3045 549 3126 itaque
569 3045 719 3109 iamtum
742 3045 827 3109 dedit
850 3045 971 3108 animae
994 3043 1135 3108 notitiam
1158 3060 1259 3123 suam,
1284 3041 1406 3124 quaudo
1429 3041 1456 3105 ei

271 3177 296 3216 re
323 3149 518 3214 committere
542 3149 687 3233 dignatus
712 3151 759 3214 est
780 3149 950 3233 imaginem
974 3167 1072 3213 suam.

839 3409 942 3473 VIIII.

323 3553 366 3594 ΔΙ)
389 3551 479 3594 0111118
500 3551 655 3594 IMAGINEM
676 3554 716 3594 mu·
736 3552 974 3595 srmruuuumumt
994 3551 1109 3594 PthsslS
1129 3553 1215 3594 110Μο
1231 3551 1280 3593 SIT
1295 3550 1456 3594 conamus,

366 3669 425 3735 Sed
449 3669 539 3733 dicis:
565 3670 638 3752 quid
661 3670 736 3734 mihi
760 3671 799 3734 ad
820 3671 997 3735 libertatem
1022 3669 1139 3734 arbitrii
1161 3670 1264 3754 iungis
1287 3669 1457 3753 imaginem

323 3775 382 3856 dei,
406 3793 477 3839 oum
500 3774 554 3840 ille
577 3775 707 3839 eximius
730 3775 868 3840 conditor
887 3775 1011 3840 futurus
1032 3775 1183 3840 secuturis
1207 3775 1338 3839 saeculis
1360 3777 1391 3837 et
1409 3793 1459 3838 re·

428 3964 472 4034 15]
489 3961 571 4019 Hebr.
593 3967 633 4030 11,
644 3967 670 4020 4.

368 4129 517 4200 lapetitus
536 4131 563 4186 P
631 4129 828 4186 2disoretione
847 4130 876 4184 P
943 4129 1153 4200 Ssuperioreo
1221 4127 1419 4232 lbenelicium¹
1433 4130 1461 4185 P

325 4247 357 4300 10
375 4243 418 4297 cui
434 4259 570 4314 suprascr.
584 4244 619 4299 P¹
675 4244 706 4299 13
725 4241 935 4298 absumendcso
989 4245 1020 4300 14
1039 4242 1133 4297 scisset
1149 4243 1177 4297 P
1226 4245 1261 4298 20
1279 4241 1461 4299 deuotioneP

324 4330 388 4386 deus
405 4331 512 4400 scripsi,
535 4329 578 4384 dei
600 4331 628 4385 P
678 4333 711 4385 22
735 4328 900 4384 eoaliscentis
923 4331 951 4385 P
1000 4332 1035 4386 23
1057 4329 1158 4398 adquae
1176 4331 1204 4385 P
1254 4331 1288 4386 24
1310 4330 1415 4399 itaquae
1433 4330 1461 4385 P

323 4421 357 4475 25
382 4417 539 4472 conmittere
556 4417 584 4472 P
634 4419 669 4473 29
687 4423 825 4472 secuturus
843 4416 871 4471 P
