3320 5140
501 1281 1055 1385 PROLEGOMENA.

212 1686 308 1769 GdP.
326 1687 352 1769 Ι.
384 1686 442 1770 DE
470 1686 579 1769 viui
606 1686 665 1770 uu
689 1687 909 1899 paeleum
941 1687 1101 1770 unvsul
1129 1687 1343 1772 uulsoorl

657 1817 687 1899 R
723 1817 897 1900 IENSIS.

254 1979 308 2072 De
335 2009 401 2074 nita
428 2014 458 2082 ct
485 2011 609 2092 scriptis
632 2011 741 2076 Fausti
769 2011 984 2094 disputaturus
1011 2011 1146 2094 primum
1174 2029 1226 2076 eos
1249 2010 1343 2076 libros

212 2131 394 2178 enumerare
413 2115 570 2195 constitui,
591 2116 622 2179 in
643 2115 755 2196 quibus
776 2115 884 2180 eadem
904 2115 1033 2180 materia
1048 2116 1118 2198 plus
1135 2115 1238 2180 minus
1254 2133 1344 2180 accu-

212 2223 279 2282 rate
299 2222 392 2300 atque
411 2218 453 2282 ita
476 2219 610 2300 quidem,
634 2223 668 2284 ut
691 2239 726 2284 ex
750 2238 933 2302 unoquoque
957 2219 1035 2284 libro
1059 2220 1252 2301 aliquantum
1276 2220 1344 2284 red-

212 2321 308 2386 undet
339 2322 496 2404 utilitatis,
528 2327 687 2404 tractatur,
719 2341 814 2405 quam
845 2325 884 2388 ob
916 2343 982 2388 rem
1013 2323 1198 2408 procedente
1230 2323 1343 2387 disser-

212 2427 329 2490 tatione
358 2429 464 2491 noetra
490 2430 525 2491 ut
552 2426 663 2492 breues
690 2446 758 2492 esse
785 2428 941 2511 possimus
968 2431 1000 2492 iu
1028 2428 1189 2492 laudandis
1212 2427 1343 2510 singuiis

212 2529 309 2610 libris,
333 2530 384 2594 hie
407 2549 459 2594 eos
482 2549 544 2596 uno
567 2531 677 2596 obtutu
701 2532 925 2615 componimus.
961 2537 1054 2614 atque
1078 2531 1172 2614 digni,
1196 2533 1248 2614 qui
1271 2531 1345 2594 affe-

212 2637 330 2715 rantur,
353 2633 386 2698 hi
408 2639 496 2698 eunt:
526 2633 697 2700 Casimirus
720 2635 853 2716 ondin,
881 2635 1131 2700 Commentarius
1155 2635 1192 2699 de
1215 2635 1345 2718 scripto-

212 2737 297 2802 ribus
314 2725 462 2802 eeclesiae
478 2739 624 2821 antiquis,
640 2739 834 2804 Francofurti
849 2739 887 2803 ad
903 2739 1052 2804 Moenum
1070 2737 1162 2820 1722,
1187 2739 1201 2802 Ι
1220 2736 1344 2800 1291-

215 2840 306 2906 1317.
323 2879 365 2890 -
381 2843 498 2907 Lenain
521 2844 558 2908 de
579 2843 796 2924 Tillemont‚
820 2843 987 2908 Mdmoires
1007 2861 1084 2926 pour
1104 2843 1201 2906 servir
1221 2841 1344 2906 111111-

213 2947 288 3011 toire
320 2946 552 3030 ecclesiastique
584 2947 637 3012 des
670 2949 715 3012 six
742 2948 891 3032 premiere
920 2946 1039 3028 sisciae,
1072 2947 1221 3011 Venetiae
1251 2945 1344 3026 1732,

213 3051 287 3115 XVI
301 3049 484 3115 408-436.
501 3087 542 3098 -
558 3053 726 3116 Histoire
746 3051 917 3116 littraire
939 3051 980 3114 de
1001 3051 1036 3114 ia
1056 3051 1194 3115 Franco
1214 3069 1269 3134 par
1290 3051 1343 3114 des

213 3155 360 3238 religieux
388 3155 589 3220 Benedictins
617 3157 654 3220 de
681 3157 712 3220 la
741 3156 960 3240 congregation
988 3156 1025 3219 de
1048 3175 1072 3219 s.
1091 3155 1191 3235 Maur,
1218 3155 1344 3219 Parisiis

217 3256 309 3340 1735,
326 3259 357 3323 Π
373 3257 554 3324 oea-619.
585 3297 620 3306 -
644 3259 725 3324 Dom
741 3261 833 3325 Remi
849 3259 1018 3340 Ocillier‚
1042 3259 1177 3324 Histoire
1199 3259 1344 3343 gencrale

214 3363 267 3428 dee
291 3369 416 3428 auteurs
440 3364 542 3429 sacros
567 3369 598 3429 et
619 3364 878 3447 ecclesiastiques‚
901 3365 1030 3428 Parisiis
1050 3361 1140 3444 1148,
1164 3363 1222 3428 XV
1242 3361 1344 3426 151-

216 3467 286 3532 189.
307 3504 349 3516 -
371 3469 503 3534 Ioannes
527 3467 700 3554 Stilting‚
725 3469 771 3550 ,de
793 3489 817 3534 s.
834 3469 950 3534 Fausto
967 3469 1131 3552 episeopo‘,
1154 3467 1234 3532 Acta
1254 3486 1345 3532 eano-

214 3577 315 3654 torum
339 3572 527 3656 Septembris
552 3572 757 3658 (Antuerpiae
776 3571 872 3656 1760)
895 3571 1215 3636 1111681-114.-
1239 3573 1343 3636 Bruno

130 3745 135 3756 ,
214 3675 374 3758 nauseo,
398 3677 445 3758 ,do
469 3678 583 3742 Fausto
607 3679 749 3762 episcopo
769 3678 916 3759 ascensu,
939 3677 1145 3742 Monumenta
1159 3675 1344 3742 Germaniae

213 3781 370 3862 historica,
394 3781 566 3846 ductorum
588 3782 876 3865 antiquissimcmm
900 3782 960 3846 uol.
978 3781 1065 3862 VIII,
1089 3781 1225 3845 Berolini
1251 3777 1343 3861 1887,

213 3904 242 3968 p.
259 3885 476 3950 LHII-LXI.
499 3887 728 3952 ——Praeterea
751 3887 808 3970 ipsi
831 3905 887 3950 nos
911 3885 1010 3950 tribue
1030 3885 1343 3950 commentationibus

214 3991 251 4054 de
275 3989 389 4055 Fausto
413 3989 536 4056 Reieusi
559 3992 686 4074 eiusque
714 3991 838 4074 scriptis
866 3991 1002 4074 egimus:
1034 3989 1164 4056 Studien
1191 3985 1268 4054 uber
1295 3990 1343 4053 die

214 4093 371 4160 Schriften
387 4093 441 4158 dee
458 4095 618 4161 Biscbofes
634 4113 695 4162 ron
711 4095 779 4160 Reii
795 4095 939 4160 Faustus.
974 4095 1033 4160 Ein
1049 4095 1176 4180 Beitrog
1192 4113 1245 4160 aur
1261 4097 1345 4178 spat-

213 4197 417 4264 lateinisoheu
438 4199 771 4284 Liberaturgesohichte
792 4199 831 4282 (1.
847 4199 905 4264 Die
922 4199 1178 4283 Ueberlieferung
1198 4199 1251 4264 der
1271 4199 1343 4262 zuei

214 4301 335 4368 Bucher
358 4303 413 4369 des
436 4304 570 4370 Faustus
593 4303 670 4368 siber
693 4305 740 4370 die
756 4303 864 4372 Gnade
888 4325 917 4388 p.
934 4301 1050 4368 5-27.
1074 4304 1115 4368 Π.
1132 4303 1267 4368 Faustus
1291 4303 1343 4366 der

215 4407 377 4474 Veriasser
400 4407 453 4472 der
475 4411 549 4474 zuei
572 4409 694 4474 Bdcher
716 4409 793 4474 dber
816 4410 875 4474 den
899 4409 1031 4492 heiligen
1048 4407 1137 4474 Geist
1159 4427 1189 4490 p.
1206 4405 1342 4471 28-46.
