3320 5140
649 443 889 512 Prolagomeua.
1239 441 1338 496 XXXV

206 621 315 702 gratia,
339 619 391 684 fol.
408 617 542 682 60-411
559 619 636 684 liber
658 620 787 702 primus,
811 619 862 683 iol.
879 617 935 680 41¹
952 619 1088 702 capitula
1109 617 1179 682 libri
1200 619 1336 699 secundi,

207 723 258 788 iol.
275 721 431 786 err-69⁰
455 723 532 788 liber
555 724 718 788 secundus.

249 827 393 892 Oodicem
424 827 610 910 quibusdem
637 828 712 892 locis
739 827 866 911 grauius
893 827 1114 891 detrimentum
1142 827 1260 910 cepisse
1286 826 1336 891 uel

204 931 309 1014 potius
332 932 536 1014 archetypum
551 931 648 995 luisse
664 932 846 996 lacunosum
863 935 917 995 aut
933 932 1133 1014 neglegenter
1148 931 1337 1014 descriptum

205 1053 276 1099 cum
296 1055 332 1098 111
351 1036 556 1118 capitulorum
577 1035 728 1100 indicibus
748 1053 819 1100 oum
836 1035 911 1118 ipsis
928 1035 1068 1118 opusculi
1084 1035 1236 1118 capitibus
1253 1053 1337 1098 com-

205 1140 320 1222 paratis
344 1143 411 1203 tum
435 1159 470 1202 cx
492 1140 567 1204 locis
584 1157 602 1204 a
617 1139 774 1204 Maxentio
798 1139 849 1222 (cf.
867 1157 961 1222 supra
983 1159 1012 1222 p.
1029 1137 1134 1221 XVH)
1157 1139 1261 1202 allatis
1285 1139 1337 1202 de-

206 1245 449 1308 monstrauimus
472 1244 504 1307 iu
527 1244 638 1308 studiis
655 1243 830 1308 Faustianis
854 1264 882 1328 p.
900 1241 920 1306 8
936 1262 1002 1326 sqq.
1027 1243 1115 1308 deest
1138 1243 1220 1306 enim
1236 1245 1335 1307 totum

205 1349 269 1412 fere
296 1348 468 1430 capitulum
491 1348 548 1412 XV
576 1347 647 1412 libri
673 1349 783 1431 prioris
811 1365 875 1412 uua
901 1367 973 1412 cum
1000 1347 1059 1412 fine
1083 1348 1209 1431 capituli
1232 1347 1336 1428 XIIII,

204 1453 375 1534 capitulum
399 1451 460 1516 VII
487 1451 559 1516 libri
586 1453 765 1536 posterioris
793 1453 950 1536 integrum
978 1470 1041 1516 uua
1067 1470 1137 1516 cum
1164 1451 1337 1516 111111111-

204 1556 342 1620 cedentis
363 1561 395 1620 et
414 1557 502 1621 initio
522 1557 682 1638 sequentis
702 1557 838 1640 capituli,
861 1557 997 1638 itemque
1018 1555 1088 1621 finis
1109 1556 1235 1638 capituli
1256 1556 1336 1619 eius·

204 1660 275 1724 dem
298 1660 369 1724 libri
391 1660 437 1724 XI
460 1665 491 1724 et
513 1661 636 1726 initium
659 1661 786 1743 capituli
802 1661 873 1724 XII.
912 1679 1012 1742 neque
1033 1678 1105 1724 uero
1120 1660 1249 1724 lacunae
1264 1659 1336 1724 illae

204 1765 236 1828 iu
268 1769 372 1829 nostro
404 1765 508 1828 codice
538 1765 611 1828 solis
642 1765 738 1829 oculis
769 1765 903 1828 discerni
932 1768 1078 1848 possunt,
1113 1782 1183 1827 cum
1214 1763 1335 1828 nullum

203 1868 333 1932 lacunae
364 1869 489 1952 signum
519 1871 628 1932 exstet.
667 1871 733 1932 erat
762 1868 844 1932 euim
876 1869 912 1948 is,
942 1868 995 1950 qui
1022 1867 1157 1932 codicem
1188 1869 1336 1948 exorauit,

204 1973 297 2037 homo
320 1973 461 2052 stolidus,
484 1973 546 2054 qui,
570 1973 642 2054 quid
665 1971 824 2052 scriberet,
848 1972 975 2036 mInime
991 1975 1122 2036 curaret.
1150 1990 1260 2054 neque,
1283 1972 1335 2054 qui

204 2080 312 2159 postea
334 2076 450 2140 librum
474 2077 550 2160 legit
573 2080 604 2140 et
626 2076 758 2141 correxit
785 2075 930 2158 (alteram
957 2076 1070 2141 codicis
1093 2094 1222 2140 manum
1244 2077 1336 2140 iutel-

203 2179 297 2262 lego),
320 2181 468 2245 maiorem
492 2181 616 2245 laudem
639 2185 785 2260 merctur,
809 2200 880 2245 cum
904 2181 936 2246 iu
957 2181 1104 2246 addendis
1124 2181 1254 2264 siugulis
1274 2181 1336 2264 syl·

205 2283 284 2348 labis
312 2285 361 2348 uel
389 2285 554 2349 sententiIs
581 2285 705 2350 omissis
733 2285 796 2348 sere
820 2285 1023 2367 adquieuerit,
1050 2287 1177 2350 lacunas
1204 2285 1335 2348 maiores

203 2391 395 2454 autemnon
426 2390 625 2472 perspexerit.
664 2389 718 2452 sed
748 2390 862 2470 nescio,
893 2407 933 2454 an
963 2390 1083 2454 duobus
1114 2390 1174 2453 illis
1202 2388 1336 2453 librariis

203 2493 318 2575 gratias
342 2511 481 2577 agemus.
521 2492 741 2558 abstinuerunt
764 2493 848 2558 cuim
870 2494 915 2558 illi
938 2492 1240 2578 interpolationibus,
1264 2510 1336 2556 cou-

203 2597 341 2678 iecturis,
372 2597 642 2662 emendationibus
673 2599 726 2678 ita,
757 2601 793 2662 ut
823 2598 931 2663 Fausti
961 2616 1090 2663 manum
1121 2601 1243 2662 tantum
1274 2615 1334 2660 uon

203 2701 318 2783 ubique
340 2702 423 2766 facili
446 2699 568 2785 negotio
591 2721 772 2786 recuperare
795 2703 960 2786 possimus.

247 2803 316 2885 Qua
330 2805 367 2868 de
390 2823 484 2869 causa
505 2806 568 2870 iam
583 2809 728 2887 retracto,
751 2825 830 2888 quac
847 2807 921 2872 olim
941 2806 1117 2889 suspicatus
1137 2824 1218 2886 sum,
1241 2804 1337 2870 uerba
1436 2877 1438 2880 ,

202 2928 233 2990 p.
251 2907 280 2988 ἵ,
296 2907 337 2971 26
360 2917 388 2970 et
410 2907 633 2994 puberooculo
656 2917 799 2972 tractare
821 2931 885 2972 noo
907 2919 1029 2972 norunt
1049 2910 1236 2993 interpolata
1255 2927 1333 2989 esse,

203 3014 285 3094 quod
316 3013 480 3078 antecedat
509 3035 547 3075 oc
578 3022 754 3098 teroperore
783 3011 1006 3077 moderamina
1038 3013 1200 3090 nesciunt,
1234 3032 1333 3094 neque

202 3118 337 3200 amplius
361 3117 451 3182 credo
474 3117 571 3181 uerba
592 3137 621 3201 p.
642 3117 690 3198 11,
710 3116 748 3180 13
771 3117 971 3203 stipendium
992 3117 1115 3202 peceati
1132 3139 1217 3180 mors
1239 3119 1334 3182 inter·

202 3221 333 3304 polatori
363 3221 482 3302 deberi,
512 3222 608 3286 immo
638 3223 726 3286 colon
757 3223 942 3287 antecedens
973 3223 1074 3286 delere
1105 3223 1233 3304 eiusque
1267 3221 1333 3286 loco

202 3331 353 3408 puuctum
384 3343 509 3390 exarare
539 3315 702 3406 debebam,
733 3344 807 3390 uam
838 3327 889 3391 hio
919 3345 1017 3410 aeque
1047 3345 1083 3391 ac
1113 3324 1334 3391 liu.10haec

201 3429 298 3493 uerba
325 3447 344 3493 a
366 3429 480 3494 Fausto
510 3430 638 3494 consilio
666 3435 849 3514 repetuntur
876 3435 907 3495 ct
933 3431 973 3495 ad
1000 3434 1181 3514 sequentem
1208 3433 1334 3494 senten-

201 3535 279 3598 tiam
306 3533 467 3597 relercnda
494 3537 576 3598 suut.
614 3535 709 3598 etiem
737 3555 766 3618 p.
783 3531 836 3615 22,
855 3533 894 3597 12
922 3534 1072 3600 Faustum
1100 3535 1203 3618 ipsum
1230 3534 1333 3598 locum

201 3657 237 3702 er
254 3637 389 3721 epistula
403 3637 538 3702 secunda
553 3637 644 3702 Pauli
658 3637 698 3702 ad
714 3637 1007 3704 Thessalonicenses
1027 3639 1209 3702 laudantem
1232 3637 1343 3702 dicere·

201 3741 356 3825 potuisse:
387 3739 543 3804 similiter
572 3750 601 3804 et
630 3740 677 3802 od
710 3739 1004 3806 Tbesootom‘censes
1035 3741 1203 3804 secondo
1233 3761 1333 3824 neque

201 3851 373 3910 extremam
396 3863 504 3910 uocem
528 3845 781 3930 interpolatorem
805 3866 971 3912 numerum
995 3847 1026 3911 II
1050 3867 1086 3911 111
1109 3847 1248 3930 margIne
1272 3847 1333 3910 huc

201 3951 413 4014 intendentem
440 3949 595 4014 addidisse
619 3951 695 4014 mihi
717 3953 867 4034 persuasi,
895 3969 965 4016 cum
994 3952 1101 4015 eodem
1128 3952 1219 4034 plane
1242 3952 1332 4016 modo

201 4055 282 4118 dieat
305 4053 438 4118 Faustus
460 4073 489 4135 p.
515 4051 693 4134 1213111
718 4051 902 4118 Corinthios
924 4055 1068 4140 prima,
1099 4053 1169 4136 124,
1193 4053 1232 4117 15
1258 4053 1333 4118 item

201 4157 246 4220 od
273 4155 455 4220 tbrdutbice
478 4157 655 4220 secundo.

245 4262 353 4344 ltaque
372 4280 427 4345 pro
447 4265 529 4326 certo
550 4255 728 4328 habendum
748 4267 797 4328 cst
816 4263 893 4328 nihil
909 4264 941 4328 in
957 4263 1015 4328 hoc
1031 4263 1133 4328 codice
1149 4281 1216 4327 esse
1237 4263 1332 4328 inter-

200 4368 349 4449 polatum.
382 4365 530 4448 quidquid
561 4371 664 4430 autem
693 4367 875 4433 mendosum
905 4373 963 4448 est,
994 4387 1030 4432 cr
1059 4369 1107 4432 his
1137 4369 1202 4432 sere
1229 4367 1331 4430 causis

1162 4471 1177 4502 ὓ
