3264 5134
601 476 698 531 Liber
715 475 745 530 Π
764 479 873 533 10—11.
1263 474 1304 538 89

168 655 309 720 rentibus
342 656 403 720 isla
436 655 602 720 confertur.
641 655 696 718 illa
728 652 964 718 renascentibus
999 652 1212 736 ministratur,
1244 653 1305 715 ista

169 759 378 826 nascentibus.
412 759 540 824 libertas
563 759 603 824 ad
626 760 725 824 solam
748 759 797 823 dei
820 759 955 842 pertinet
977 757 1199 841 operationem,
1227 755 1305 820 libe-

168 866 245 930 ratio
268 869 300 930 et
323 865 361 929 ad
384 863 501 928 subditi
522 864 658 929 hominis
681 863 875 928 seruitutem.
913 863 968 926 illa
993 861 1083 926 bonis
1111 861 1304 942 confirmata,

169 970 228 1034 ista
251 973 283 1034 et
304 968 396 1034 malis
419 969 512 1034 insita
535 971 591 1034 est.
623 969 678 1032 illa
700 967 861 1049 adquisitis
884 971 916 1032 et
938 965 1209 1050 perseuerantibus
1232 985 1305 1030 oon-

168 1075 255 1157 petit,
277 1074 339 1138 ista
361 1077 392 1137 et
405 1073 533 1157 perditis
550 1073 695 1156 suppetit.
734 1072 788 1136 illa
803 1071 974 1152 condentis,
990 1072 1051 1136 ista
1066 1075 1097 1135 et
1112 1071 1303 1136 oboedientis
1344 1099 1357 1138 s

170 1183 224 1242 est.
252 1179 306 1243 illa
320 1179 486 1260 potentiae,
509 1179 571 1242 ista
586 1181 634 1242 est
650 1177 887 1242 misericordiae.
915 1176 968 1240 illa
983 1175 1108 1259 originis
1125 1179 1157 1240 et
1170 1175 1304 1259 generis,

169 1284 228 1348 ista
251 1287 299 1348 est
321 1283 460 1348 muneris
484 1287 516 1348 et
538 1283 671 1348 uirtutis.

706 1507 761 1573 XI.

408 1670 529 1713 Gnarus
551 1671 640 1713 DEUM
661 1670 884 1736 ΝΔΤΠΒᾼΒῙΤΕΒ
907 1669 1063 1712 ΒΑΡΠῙΒΒΕ.

209 1807 326 1872 Plenus
350 1807 461 1891 spiritu
484 1811 592 1872 sancto
614 1806 767 1892 propheta
781 1806 895 1871 Daniel
915 1807 1015 1872 sciens
1038 1807 1131 1871 deum
1154 1808 1186 1873 in
1210 1827 1303 1872 sensu
1332 1833 1357 1872 ιο

170 1913 303 1978 hominis
335 1913 508 1997 appetitum
537 1912 610 1978 boni
640 1913 754 1976 maliue
784 1913 935 1995 posuisse,
966 1912 1011 1976 ita
1039 1911 1305 1978 Nabucodonosor

170 2019 336 2101 alloquitur
362 2017 483 2082 dicens:
513 2016 751 2099 quamobrem
779 2017 978 2082 consilium
1008 2036 1127 2082 meum
1156 2018 1305 2101 placeat

169 2123 253 2204 tibi,
284 2139 302 2187 1
332 2141 408 2203 rex,
439 2125 475 2186 11
503 2125 657 2205 peccata
683 2125 747 2186 tua
770 2121 988 2204 elimosynis
1015 2122 1156 2186 redime
1180 2125 1216 2187 et
1237 2123 1306 2187 ini-

169 2228 332 2310 quitates
362 2231 446 2291 tuas
475 2226 786 2292 miserationibus
816 2243 1030 2310 pauperum.
1069 2229 1104 2291 11
1134 2231 1304 2310 peccata,

169 2333 278 2416 iuquit,
301 2337 365 2397 tua
385 2331 601 2414 elimosynis
621 2331 770 2396 redime.
809 2329 981 2415 praefixum
1001 2332 1098 2396 uideri
1113 2349 1175 2397 non
1191 2336 1304 2415 potest,
1333 2355 1357 2395 1⁵
1385 2365 1390 2373 ·

169 2436 317 2520 quidquid
339 2435 448 2500 redimi
470 2439 582 2518 potest.
621 2453 640 2500 a
662 2436 795 2500 sanitate
819 2435 926 2518 utique
950 2453 1012 2500 non
1044 2436 1224 2518 excluditur,
1255 2437 1304 2500 cui
1429 2461 1433 2469 ·

169 2541 341 2607 remedium
359 2540 572 2623 persuadetur.
597 2541 752 2622 simulque
773 2540 801 2604 ei
821 2539 984 2604 arbitrium
1007 2559 1068 2605 non
1092 2543 1235 2624 negatur,
1257 2541 1306 2605 cui

170 2665 339 2713 consensus
361 2645 501 2730 erigitur.
539 2644 630 2710 liberi
652 2645 749 2709 animi
771 2643 908 2710 officium
931 2663 993 2710 nou
1016 2645 1130 2726 amisit,
1159 2646 1212 2728 qui
1234 2664 1305 2729 pro-

169 2752 258 2816 batur
282 2751 438 2833 suscipere
460 2751 597 2833 potuisse
620 2750 793 2814 consilium.
830 2750 972 2815 asalute
995 2750 1115 2814 alienus
1135 2767 1197 2815 non
1217 2751 1305 2814 inue-

169 2857 261 2937 nitur,
286 2856 335 2920 cui
358 2856 491 2920 materia
513 2855 621 2920 salutis
643 2855 804 2939 ingeritur.
840 2858 872 2919 et
894 2855 943 2918 cui
959 2854 1049 2920 offert
1064 2855 1216 2937 propheta
1231 2873 1303 2919 con·
1331 2881 1357 2920 so

167 2960 321 3045 parandae
344 2959 556 3044 indulgentiae
579 2960 784 3040 occasionem,
814 2959 916 3024 inesse
944 2960 972 3024 ei
995 2959 1167 3025 uoluntatis
1191 2960 1304 3024 asserit

167 3068 364 3148 potestatem.

208 3168 268 3236 Sed
291 3171 323 3232 et
344 3167 413 3248 hoc,
437 3168 520 3249 quod
534 3167 677 3232 Baltasar
696 3169 822 3252 gentilis
842 3170 983 3253 arguitur
1001 3169 1122 3234 dicente
1137 3169 1303 3253 propheta:

166 3273 331 3338 laudasti
361 3273 446 3336 deos
478 3277 676 3355 argenteos
699 3276 735 3338 et
765 3291 896 3339 aureos
920 3277 955 3337 11
976 3273 1124 3357 ligneos
1148 3277 1184 3338 et
1213 3274 1304 3356 lapi-

168 3377 252 3444 deos
276 3377 456 3457 eldeum,
479 3377 515 3440 in
538 3377 641 3456 cuius
665 3395 774 3442 manu
797 3377 914 3442 slatus
937 3381 1022 3442 tuus
1046 3382 1115 3458 est,
1139 3395 1209 3442 non
1228 3378 1304 3442 lau·
1331 3403 1356 3442 11

167 3482 273 3548 dasti.
310 3481 410 3562 uides,
433 3482 506 3564 quia
524 3481 574 3546 hic
595 3481 770 3566 alienigena
790 3483 883 3546 deum
905 3487 936 3548 et
959 3483 1036 3547 scire
1059 3483 1161 3565 potuit
1183 3486 1215 3547 et
1237 3483 1304 3546 lau-

167 3587 248 3668 dare,
269 3586 324 3651 sed
341 3585 450 3650 noluit.
480 3585 582 3650 inesse
598 3585 717 3650 homini
731 3586 924 3651 intellectum
940 3587 990 3650 dei
1004 3587 1120 3669 pariter
1136 3590 1168 3650 et
1183 3587 1303 3650 cultum

166 3691 232 3756 ideo
255 3689 409 3775 propheta
431 3690 627 3771 memorauit,
658 3691 731 3772 quia
753 3690 856 3774 legem
880 3694 1010 3755 naturae
1033 3691 1198 3756 indiscrete
1221 3691 1304 3755 intra

165 3795 267 3860 omnis
290 3793 425 3858 hominis
449 3812 576 3860 sensum
596 3795 702 3877 uigere
718 3795 871 3879 cognouit.
903 3799 934 3860 et
948 3800 1112 3879 propterea
1127 3813 1198 3859 cum
1214 3813 1303 3878 prae-

164 3899 226 3966 lato
248 3897 513 3964 Nabncodonosor
541 3899 609 3982 regi
632 3899 743 3964 Daniel
773 3899 838 3964 uim
861 3900 974 3967 somnii
996 3899 1177 3981 reuelasset,
1207 3899 1301 3968 deum
1330 3925 1356 3966 aa

271 4070 314 4140 12]
333 4069 400 4126 Dan.
413 4073 437 4136 l,
450 4073 492 4126 24.
545 4069 591 4142 24]
611 4071 678 4126 Dan.
692 4073 716 4136 5,
730 4073 770 4127 23.

207 4235 314 4292 litaa
368 4239 400 4290 10
418 4234 525 4288 danihel
543 4235 571 4290 P
624 4239 653 4291 ll
672 4235 844 4306 possuisseP
896 4235 1154 4306 nabogodonosorP
1207 4241 1239 4293 13
1257 4237 1303 4290 eli-

164 4321 274 4376 mosinis
293 4321 321 4376 P
390 4325 421 4378 15
440 4321 592 4391 elymosinis
611 4323 639 4376 P
709 4325 741 4380 16
759 4323 866 4392 utiquae
886 4325 919 4392 P,
941 4324 1065 4392 itaquae
1136 4327 1168 4379 17
1192 4324 1304 4378 cuiusc

164 4435 196 4489 24
213 4401 298 4489 lineos
317 4435 345 4490 P
395 4435 429 4490 30
447 4433 665 4504 nabogodonosor
683 4434 712 4489 P
763 4433 869 4490 danihel
890 4437 917 4491 P
