3320 5140
310 437 411 492 LXXII
754 436 997 505 Prolegomene.

310 634 373 676 non
390 634 515 698 parum
535 610 655 689 studes,
679 610 819 676 laudari
836 611 1024 698 plurimum
1047 623 1075 676 tc
1097 623 1235 676 uetares.
1273 633 1372 696 neque
1388 614 1446 678 du·

309 717 383 798 bito,
414 720 487 799 quin
510 735 619 781 reuera
642 715 757 782 Sidonii
780 719 926 801 plausum
949 719 1057 782 tulerit
1080 719 1171 783 stilus
1194 719 1320 799 Ruricii,
1351 737 1443 802 quom

310 821 469 888 Sidonium
499 821 718 904 imitandum¹)
749 823 809 886 sibi
839 823 1037 904 proposuisse
1067 823 1147 887 inter
1177 841 1285 887 omues
1312 827 1443 888 constat.

309 945 409 1008 neque
433 927 536 990 minus
559 929 668 991 notum
692 929 740 990 est
755 927 915 991 Ruricium
939 926 1069 990 aliorum
1094 928 1279 1009 scriptorum
1296 927 1443 1010 epistulas

310 1049 406 1113 aeque
429 1049 465 1094 ac
488 1049 560 1094 sues
583 1031 681 1114 ipsius
705 1031 923 1112 compilauisse
946 1035 977 1095 et
999 1031 1038 1094 alr
1060 1031 1127 1094 aliis
1148 1031 1228 1095 bene
1244 1031 1373 1096 iuuenta
1388 1050 1445 1095 sua

309 1135 429 1198 fecisse.
457 1134 584 1217 Sulpicii
600 1133 706 1198 Seueri
723 1135 759 1197 de
775 1135 886 1199 ultimo
901 1135 1014 1198 iudicio
1031 1136 1163 1218 epistula
1178 1135 1336 1199 Ruricium
1352 1155 1443 1199 usum

232 1313 237 1320 ,
310 1258 377 1302 esse
390 1239 535 1302 Baluzius
548 1239 579 1302 in
592 1237 864 1303 Miscellaneoram
876 1238 953 1303 libro
965 1240 989 1302 l.
1004 1239 1145 1321 (Parisiis
1160 1237 1256 1322 1678)
1269 1239 1443 1304 comedens

309 1345 340 1406 in
370 1343 561 1426 praefatione
591 1342 675 1422 dicit,
706 1343 744 1406 of.
770 1342 876 1407 Seueri
904 1344 1036 1425 epistula
1064 1361 1089 1406 c.
1114 1343 1129 1404 1
1159 1341 1202 1426 (p.
1225 1341 1288 1406 219
1316 1344 1441 1426 Halml:

304 1467 473 1532 persaepe·
491 1444 537 1507 ad
558 1466 617 1508 uos
640 1446 754 1508 uenire
780 1444 885 1522 uolui,
916 1445 973 1508 sed
1001 1467 1101 1530 usque
1132 1445 1239 1509 adhuc
1269 1447 1442 1532 impeditas

308 1573 388 1626 euna,
419 1548 586 1613 obsistente
616 1571 660 1626 eo,
691 1549 749 1634 qui
778 1549 927 1612 conuenit
958 1549 1110 1614 obsistere
1140 1556 1171 1616 et
1201 1553 1274 1616 Rur.
1296 1572 1343 1635 ep.
1365 1553 1396 1615 ll
1422 1551 1443 1612 9

309 1655 351 1738 (p.
370 1653 443 1735 383,
462 1654 529 1738 11):
557 1651 702 1716 crebrius
730 1653 919 1717 noluimus.
938 1655 1087 1739 ,scripta
1115 1654 1266 1740 diripere,
1294 1654 1349 1719 sed
1367 1677 1443 1740 pro-

310 1757 406 1821 hibiti
428 1779 539 1820 sumus
562 1779 662 1842 usque
685 1780 770 1821 nunc
789 1757 980 1843 prohibente
1002 1759 1160 1822 nimirum
1179 1758 1249 1837 illo,
1273 1759 1330 1844 qui
1346 1759 1444 1822 bonne

309 1861 476 1926 uoluntati
505 1862 673 1926 consueuit
703 1885 825 1948 semper
855 1861 1023 1946 obsistere,·
1052 1849 1121 1928 Seu.
1143 1884 1169 1928 a.
1191 1863 1211 1926 2
1234 1865 1277 1948 (p.
1294 1862 1358 1927 220
1372 1865 1442 1948 H.):

308 1989 347 2030 nc
369 1989 499 2030 manum
514 1977 628 2029 aratro
644 1968 788 2030 inserens
809 1977 988 2030 retrorsum
1010 1989 1168 2031 conuersa
1191 1967 1358 2052 respicias,
1382 1989 1442 2053 quo

310 2070 506 2134 ..ordinem
527 2093 624 2133 suum
645 2093 765 2135 neccsse
789 2082 834 2134 est
859 2071 970 2134 ssclcus
998 2072 1127 2136 amittat
1154 2077 1186 2137 et
1208 2074 1282 2138 Rur.
1300 2074 1378 2156 ep.I
1404 2071 1442 2134 18

309 2177 351 2260 (p.
369 2175 442 2258 371,
455 2176 505 2259 3):
522 2198 621 2260 nepae
636 2177 758 2238 stiuam
774 2186 879 2239 tenens
896 2225 903 2239 .
922 2224 929 2239 .
946 2187 1032 2240 retro
1049 2177 1217 2262 respicias,
1234 2186 1271 2238 ut
1287 2176 1443 2240 directum

310 2279 415 2343 lineae
437 2279 548 2343 subcus
571 2280 708 2343 amittat.

352 2385 537 2450 Cassianum
554 2403 676 2467 qnoque
692 2386 852 2468 exscripsit
868 2386 1022 2466 Ruricius,
1045 2391 1081 2450 ut
1100 2387 1236 2450 intellexi
1252 2405 1288 2449 er
1304 2387 1351 2450 his
1367 2387 1441 2450 locis

309 2509 415 2555 secum
442 2490 643 2572 comparatis:
675 2488 813 2553 Cassian.
839 2491 876 2553 (le
902 2491 1018 2553 incarn.
1037 2491 1117 2554 dom.
1135 2495 1243 2554 contra
1264 2491 1443 2554 Nestorium

307 2595 403 2678 praef.
419 2593 461 2677 (p.
479 2592 589 2674 235,9
612 2593 813 2677 Petschenig)
834 2592 1019 2678 producens
1045 2614 1092 2654 me
1120 2615 1158 2656 ea
1185 2592 1245 2656 illo
1264 2591 1443 2678 praeradi-

309 2699 371 2762 tati
397 2697 523 2760 silentii
551 2718 676 2760 recessu
698 2697 734 2758 in
757 2695 929 2782 publicum
944 2695 1260 2782 formidandumque
1284 2696 1444 2760 iudicium

309 2813 337 2866 et
366 2825 454 2866 noua
480 2800 592 2865 subire
619 2803 702 2888 copis
730 2801 837 2865 adhuc
868 2802 906 2865 dc
933 2802 1125 2887 praeteritis
1155 2801 1384 2866 erubescentem
1414 2807 1444 2867 et

308 2906 526 2990 Ru1·.ep.13
550 2905 684 2990 (paco,
703 2905 756 2990 13)
780 2905 967 2990 producens
994 2927 1041 2968 me
1069 2927 1107 2969 en
1135 2905 1293 2969 tutissimo
1319 2905 1444 2968 silentii

311 3032 434 3074 recessu
461 3009 506 3072 nd
526 3007 702 3094 'publicum
722 3009 1040 3094 formidandumque
1068 3009 1230 3073 iudicium
1257 3019 1286 3073 et
1313 3010 1349 3072 in
1371 3010 1443 3072 uita

308 3116 374 3180 inm
397 3114 501 3177 ueteri
522 3134 610 3176 noua
632 3113 743 3178 subire
766 3113 934 3199 conpellit,·
957 3115 1095 3180 Cassian.
1113 3115 1187 3180 ibid.
1203 3137 1233 3199 p.
1250 3113 1323 3196 236,
1341 3115 1442 3180 11P.:

308 3241 407 3304 pareo
435 3217 650 3282 obsecrationi
673 3227 757 3295 tuae,
783 3239 905 3303 pareo
936 3219 1115 3282 iussioni.
1146 3218 1244 3282 malo
1276 3219 1373 3282 enim
1401 3218 1443 3282 de

309 3345 358 3385 me
381 3324 464 3407 ipso
488 3320 562 3385 tibi
584 3344 693 3407 quam
715 3322 809 3384 mihi
831 3322 1000 3400 credere,
1022 3323 1160 3386 manime
1182 3323 1262 3408 quic
1283 3323 1321 3386 id
1344 3333 1444 3386 tecum

309 3449 398 3490 annor
421 3426 495 3490 Iesu
513 3424 638 3490 Christi
661 3425 785 3489 domini
806 3427 868 3489 naci
878 3427 1056 3512 praecipit,
1080 3427 1137 3512 qui
1152 3429 1209 3490 hoc
1224 3428 1332 3512 ipsum
1346 3427 1443 3491 ctiam

310 3532 344 3594 ia
375 3541 403 3594 te
433 3529 521 3594 iubet
551 3535 583 3595 et
612 3532 687 3596 Rur.
710 3551 757 3614 ep.
778 3531 811 3595 ΙΙ
837 3530 876 3594 41
908 3533 949 3615 (p.
972 3530 1046 3612 426,
1067 3533 1115 3616 4):
1140 3553 1244 3617 parco
1276 3530 1444 3596 uoluntati

308 3647 445 3714 uestrae,
472 3657 592 3722 pareo
623 3635 804 3699 iussioni.
846 3635 943 3700 malo
976 3637 1073 3700 enim
1104 3636 1146 3699 de
1175 3659 1226 3699 me
1255 3637 1339 3722 ipso
1370 3635 1443 3700 tibi

309 3741 427 3828 mapis
457 3763 567 3825 quam
594 3740 687 3803 mihi
714 3741 880 3818 credere,
911 3741 991 3826 quia
1019 3741 1152 3826 pietatis
1183 3763 1246 3804 non
1272 3740 1442 3826 potestatis

309 3856 363 3924 est,
387 3844 473 3931 quod
495 3844 624 3908 iubetis.

352 3951 390 4016 Se
412 3952 515 4033 ipsum
539 3955 653 4030 autem,
678 3950 829 4014 Faustum
853 3951 1001 4032 aliosque,
1026 3951 1078 4033 qui
1101 3951 1138 4014 ad
1160 3969 1231 4014 eum
1251 3951 1371 4015 litteras
1391 3950 1443 4013 de-

309 4056 431 4138 derunt,
455 4073 547 4136 quam
564 4055 748 4137 inpudenter
762 4055 906 4119 Ruricius
931 4055 1135 4138 exscripserit,
1160 4074 1195 4119 ex
1218 4055 1301 4119 notis
1321 4057 1443 4120 nostrae

352 4295 372 4364 ¹)
392 4295 448 4361 Quo
467 4294 590 4348 imitandi
609 4295 697 4350 studio
717 4295 841 4349 inductus
860 4295 940 4350 ctiam
959 4295 1193 4366 hendecasyllabos
1211 4295 1355 4366 temptauit
1366 4293 1444 4354 Run'·

309 4383 365 4437 eius
384 4399 422 4454 ep.
436 4382 464 4436 Π
485 4385 523 4440 19.
