3264 5134
667 481 763 536 Liber
780 481 809 536 11
827 486 851 537 9.
1154 559 1157 566 Ι
1286 483 1327 546 79

188 659 236 724 dei
260 663 318 740 est,
342 659 424 742 quod
447 659 612 742 intellegit,
635 658 716 741 quod
740 661 860 723 reatum
885 657 976 742 sapit,
1000 659 1082 741 quod
1104 658 1185 722 inter
1208 659 1327 723 malum

188 769 220 828 et
241 762 360 828 bouum
380 763 491 828 iudioio
508 763 707 828 examinante
723 763 926 828 discriminat.
966 765 998 826 ot
1013 781 1084 827 oum
1100 762 1177 828 deus
1193 762 1326 844 bouitas,
1405 795 1408 804 ι

189 868 411 949 miseridordia,
434 869 587 952 patientia
610 871 703 950 atque
725 868 846 932 iustitia
868 867 917 948 sit,
941 871 1056 950 quanto
1079 868 1209 950 quisque
1226 868 1326 951 magis

187 975 287 1038 iustus
311 991 347 1038 aa
368 975 490 1056 patiens
513 973 681 1053 inuenitur,
704 975 790 1037 tauto
811 971 912 1056 magis
929 973 985 1036 deo
1001 971 1111 1036 similis
1128 971 1326 1054 adprobatur,

188 1078 275 1142 ouius
298 1079 403 1160 utique
427 1077 599 1142 similitudo
622 1095 684 1142 nou
707 1077 739 1142 iu
763 1075 914 1157 uultibus,
937 1077 1044 1141 sedin
1064 1077 1232 1142 uirtutibus
1255 1096 1327 1162 pos·
1366 1105 1379 1144 s

189 1183 268 1248 sidat
308 1234 314 1246 .
354 1187 385 1247 et
400 1186 566 1266 propterea
580 1183 618 1246 ds
634 1182 691 1246 deo
706 1181 833 1246 dieitur:
857 1180 992 1261 subtilis,
1012 1181 1154 1263 simplex,
1178 1182 1325 1247 siuaerus.

189 1287 320 1370 simplex
349 1287 472 1369 utiquo,
502 1287 576 1368 quia
605 1285 683 1350 nihil
713 1286 758 1350 illi
789 1285 979 1350 extrinsecus
1010 1285 1218 1366 adieetitium,
1251 1287 1326 1351 nillil

189 1391 313 1456 aliunde
337 1391 505 1470 aonlatum,
530 1390 585 1454 sod
607 1391 640 1454 iu
662 1391 715 1454 illo
737 1391 849 1470 nutus,
877 1390 1014 1454 essentia
1035 1394 1128 1472 atque
1152 1389 1327 1455 substantia

189 1497 245 1560 est.
282 1513 319 1560 aa
350 1496 395 1560 sio
422 1495 498 1560 deus
526 1495 608 1577 qood
631 1495 808 1575 habetest,
834 1495 928 1559 homo
951 1513 1024 1558 uero
1047 1495 1125 1559 hasa
1148 1495 1238 1576 dona,
1267 1496 1326 1560 uisi

189 1603 349 1685 acceperit,
372 1617 435 1666 uon
459 1599 563 1665 habet.
602 1617 674 1664 oum
697 1617 771 1683 ergo
794 1599 870 1663 deus
885 1599 986 1663 iustus
1002 1617 1039 1663 ao
1053 1599 1182 1680 iustitia,
1206 1601 1326 1664 miseri-
1354 1628 1380 1668 ro
1487 1685 1489 1692 Ι

189 1723 255 1770 oors
279 1708 312 1770 et
334 1704 555 1784 misericordia,
578 1704 647 1788 pius
664 1707 696 1769 et
710 1705 810 1788 pietas
827 1703 879 1784 sit,
902 1703 995 1768 homo
1010 1703 1111 1767 iustus
1128 1723 1196 1768 esse
1211 1707 1326 1786 potest,

189 1810 305 1874 iustitia
335 1827 404 1874 esse
435 1827 497 1874 nou
526 1811 641 1892 potest,
672 1809 849 1873 misericors
872 1826 941 1872 esse
970 1810 1084 1891 potest,
1116 1809 1327 1872 misericordia

189 1933 256 1978 esse
280 1925 342 1978 uon
365 1917 479 1998 potest,
503 1913 572 1996 pius
597 1931 664 1978 esse
687 1917 800 1996 potest,
823 1912 923 1996 pietas
947 1931 1016 1976 asse
1039 1931 1101 1978 nou
1117 1916 1230 1996 potest,
1253 1914 1327 1996 quia

189 2037 248 2083 uou
265 2018 448 2083 naturaliter
464 2017 562 2083 habet
577 2017 648 2098 ista,
668 2016 723 2082 sed
739 2017 876 2101 largiter.
915 2015 1003 2081 uerbi
1018 2017 1120 2100 gratia
1142 2016 1194 2081 ille
1215 2035 1324 2082 aurum

189 2127 244 2203 est,
274 2123 368 2187 homo
400 2140 474 2186 uero
506 2121 691 2186 deauratum
722 2139 779 2186 uas
809 2120 909 2186 uideri
939 2123 1052 2205 potest,
1084 2125 1115 2186 et
1140 2121 1172 2186 in
1200 2121 1325 2187 homine
1354 2151 1378 2192 ιε

187 2228 289 2312 gratia
320 2231 378 2307 est,
409 2227 503 2309 quod¹
522 2227 554 2290 iu
585 2226 641 2290 deo
672 2229 783 2291 natura
813 2229 872 2306 est,
901 2229 933 2290 et
963 2227 994 2290 iu
1022 2225 1081 2290 hoo
1104 2229 1243 2291 creatum
1268 2231 1325 2308 est,

188 2332 267 2414 quod
290 2333 321 2396 iu
346 2331 400 2396 illo
422 2330 571 2414 probatur
593 2331 778 2415 ingenitum.
817 2333 849 2394 et
871 2330 940 2394 ideo
962 2330 1049 2394 iuxta
1070 2331 1151 2395 hano
1173 2332 1325 2396 rationem

188 2437 287 2520 magis
311 2435 425 2519 duplex
448 2439 548 2500 status
571 2435 706 2500 hominis
730 2437 870 2518 apparet,
893 2433 942 2499 eui
965 2434 1042 2498 haee
1065 2435 1109 2499 ita
1135 2435 1325 2517 inseruntur,

188 2545 222 2604 ut
244 2543 430 2624 separentur
453 2541 576 2624 saepius
600 2543 631 2605 et
654 2540 844 2604 auferantur.

228 2644 344 2709 ltrraut
364 2663 447 2728 ergo,
470 2645 524 2726 qui
544 2645 695 2708 iustitiam
711 2644 908 2726 reliquasque
928 2643 1061 2707 uirtutes
1077 2644 1199 2708 animae
1215 2649 1326 2728 putant
1352 2673 1378 2712 ro

189 2767 254 2812 esse
267 2748 488 2828 substantiam,
505 2748 573 2812 sius
584 2747 697 2830 quibus
709 2751 880 2830 utcumque
891 2751 995 2831 potest
1005 2748 1092 2812 uitali
1105 2749 1134 2811 iu
1147 2752 1260 2814 natura
1271 2769 1327 2814 sua

188 2854 294 2937 uigore
317 2852 497 2933 subsistere,
521 2853 588 2917 sino
610 2851 723 2934 quibus
746 2857 778 2916 et
796 2851 938 2916 diabolus
954 2851 985 2916 iu
1001 2855 1113 2916 natura
1128 2871 1186 2918 sua
1200 2871 1326 2919 manere

189 2959 367 3023 dinoscitur.
408 2957 573 3022 manifeste
605 2957 689 3021 euim
718 2957 920 3022 inueniuntur
943 2957 1094 3039 adposita,
1125 2957 1199 3022 dum
1226 2961 1325 3042 oulpis

187 3061 467 3128 interuenientibus
498 3065 662 3126 exuuntur.
702 3062 804 3126 solum
831 3079 905 3126 uero
932 3061 1094 3126 arbitrium
1122 3066 1155 3127 et
1177 3063 1326 3130 inmorta-

187 3167 267 3248 litas,
291 3184 371 3249 quae
394 3167 490 3231 etiam
514 3166 605 3230 malis
629 3166 724 3231 insita
746 3171 803 3246 est,
831 3183 893 3230 nou
917 3165 1067 3247 aufertur,
1097 3166 1169 3231 lieet
1191 3167 1325 3251 dignitas
1352 3197 1378 3236 re

188 3277 219 3336 et
247 3271 408 3336 beatitudo
438 3271 670 3336 inmortalitatis
701 3272 800 3354 possit
829 3271 953 3336 auferri.
996 3275 1149 3354 quantum
1180 3291 1253 3356 ergo
1287 3272 1325 3338 ad

189 3375 365 3442 libertatem
397 3376 517 3442 arbitrii
549 3379 580 3440 et
609 3377 867 3442 inmortalitatem
897 3376 1040 3460 pertinet,
1074 3377 1244 3460 imaginem
1275 3378 1325 3442 dei

187 3479 259 3544 lieet
280 3499 347 3544 ase
368 3483 400 3544 et
418 3481 451 3544 iu
475 3499 508 3544 so
531 3479 740 3544 decoloratam
764 3481 860 3545 etiam
884 3481 958 3546 mali
980 3480 1095 3545 habere
1119 3485 1260 3564 possunt,
1285 3483 1325 3546 si·

188 3583 397 3648 militudinem
421 3584 480 3648 uisi
503 3583 576 3648 boni
599 3584 714 3650 habere
737 3585 802 3650 uon'
822 3588 962 3668 possunt.
1002 3603 1081 3667 quae
1104 3603 1177 3649 oum
1192 3587 1237 3650 ita
1251 3587 1324 3667 siut,

188 3705 258 3751 oum
288 3687 431 3752 homines
454 3689 499 3753 ita
520 3688 638 3753 luerint
659 3689 796 3772 imagine
820 3691 851 3754 et
873 3689 1076 3754 similitudine
1098 3687 1161 3774 <dei
1183 3689 1324 3774 praediti,
1351 3719 1378 3758 eo

188 3795 223 3856 ut
238 3791 329 3857 multi
346 3791 441 3856 etiam
462 3791 530 3877 filii>
552 3791 601 3856 dei
623 3793 793 3858 meruerint
814 3793 997 3876 nuncupari,
1020 3793 1072 3858 uel
1094 3793 1202 3877 paneis
1226 3795 1326 3860 adhue

229 3963 296 4020 2di
315 3965 349 4033 Ρ,
368 3963 445 4020 daia
507 3963 644 4050 dodonae
663 3965 691 4020 P
745 3965 879 4049 'quisquae
898 3966 927 4020 P
988 3966 1129 4034 5utiqaae
1148 3968 1176 4021 P
1238 3967 1325 4023 'luti-

189 4087 292 4154 quaeP
337 4081 520 4155 BadqueeP
571 4089 604 4142 16
623 4071 719 4142 natura
735 4071 764 4140 iu
783 4087 874 4142 deoP
926 4089 957 4143 19
975 4087 1064 4157 sapius
1082 4089 1109 4143 P
1159 4091 1193 4145 20
1211 4092 1328 4145 arautP

189 4171 367 4242 reliquasquae
385 4173 413 4228 P
463 4175 495 4230 21
515 4177 675 4242 utrumquao
693 4174 721 4229 P
771 4175 805 4230 22
824 4171 948 4228 diabulus
965 4175 993 4228 P
1042 4179 1077 4231 24
1095 4175 1326 4233 inuenientibuso

188 4259 310 4329 28asa]
328 4275 419 4315 osseo
470 4263 604 4316 tooure
656 4259 911 4316 itaiuerintom.o
963 4259 1128 4316 dei...fllii
1146 4263 1245 4319 addidi
1262 4265 1324 4320 Mo·

188 4349 270 4402 mtii
282 4349 339 4403 looo
349 4347 466 4416 praedm
475 4365 550 4415 mue,
560 4349 594 4417 cf.
605 4365 674 4418 praue
682 4351 795 4418 (τροπή
805 4350 836 4403 io
845 4350 915 4404 raro
924 4347 1050 4405 ‘Stadios
1059 4351 1124 4406 alter
1134 4349 1178 4406 die
1188 4351 1324 4420 Schriften

190 4431 233 4489 doe
249 4433 379 4490 me'
393 4451 423 4503 p.
437 4439 479 4502 19,
498 4433 540 4488 dai
560 4433 676 4489 deeorati
695 4433 783 4504 augeli
802 4451 848 4488 seu
867 4433 916 4490 fllii
934 4455 958 4504 v,
976 4454 1026 4492 om.
1047 4438 1076 4491 P
