3320 5140
674 449 915 516 Prolegomena.
1235 459 1237 462 '
1263 449 1366 504 XXVII

225 625 296 688 inde
319 643 339 688 a
360 645 389 708 p.
407 623 471 688 314
493 626 676 706 recensitae,
707 643 813 707 quare,
844 627 870 690 si
892 645 943 689 me
966 626 1072 690 audire
1094 627 1154 707 uis,
1185 631 1310 690 centum
1335 629 1366 690 et

226 729 361 811 quinque
384 728 476 793 hodie
500 731 624 794 exstant
647 729 755 794 Fausti
778 748 949 795 sermones,

268 831 328 899 Sed
350 833 452 898 lacere
476 850 537 897 non
560 851 700 917 possum,
723 834 797 916 quin
817 835 875 899 hoc
891 853 1011 917 quoque
1026 835 1094 899 loco
1109 835 1244 919 ingenue
1264 835 1365 900 fatear

224 957 275 1002 me
298 938 426 1018 nescire,
450 956 490 1002 an
513 939 618 1022 plures
642 957 801 1003 sermones
818 939 926 1003 Fausti
942 942 1073 1020 exstent,
1096 957 1171 1004 nam
1194 939 1276 1004 inter
1295 943 1365 1004 tan-

224 1047 291 1106 tam
322 1060 501 1106 sermonum
534 1043 739 1126 farraginem,
775 1044 829 1125 qui
860 1044 899 1107 ad
929 1061 985 1108 nos
1015 1063 1115 1126 usque
1144 1049 1364 1126 peruenerunt,

224 1165 322 1210 unum
345 1147 518 1212 alterumue
541 1147 642 1212 adhuc
664 1149 761 1212 latere
788 1151 890 1231 posse,
918 1149 1103 1232 praesertim
1131 1167 1202 1212 cum
1230 1150 1364 1214 sescenti

223 1251 343 1315 codices
365 1252 426 1316 huc
448 1253 641 1334 pertinentes
665 1253 804 1317 nondum
828 1253 948 1316 excussi
975 1253 1048 1334 sint,
1080 1253 1150 1335 quis
1181 1253 1363 1337 negaberit?

222 1358 331 1420 contra
353 1361 460 1420 autem
475 1357 559 1420 hunc
573 1356 704 1420 illumne
720 1375 897 1422 sermonem
914 1375 933 1421 a
949 1355 1037 1422 nobis
1054 1377 1070 1421 e
1086 1358 1244 1440 praesenti
1258 1376 1363 1422 rerum

222 1464 308 1526 statu
331 1461 446 1526 Fausto
476 1461 673 1544 assignatum
703 1461 777 1543 quin
805 1465 915 1544 postea
941 1461 1001 1526 uiri
1029 1461 1111 1526 docti
1138 1479 1221 1526 nona
1241 1461 1274 1526 in
1297 1463 1363 1527 dies

221 1566 353 1631 materia
375 1566 414 1630 ad
437 1565 637 1630 homiliarum
660 1565 756 1630 crisin
779 1565 984 1630 factitandum
1010 1569 1160 1650 congesta
1181 1567 1313 1632 fortasse
1336 1567 1363 1631 ei

220 1669 425 1734 abiudicaturi
448 1670 521 1751 sint,
545 1654 649 1734 nullus
673 1669 792 1750 dubito,
816 1688 1071 1752 quemquamne
1095 1671 1139 1734 sic
1161 1669 1288 1752 quidem
1308 1672 1363 1735 de-

221 1793 311 1858 spero
334 1793 385 1838 me
407 1774 517 1840 utilem
540 1774 573 1838 in
595 1774 681 1838 hisce
704 1773 797 1839 rebus
818 1775 1003 1858 indagandis
1024 1776 1255 1858 consumpsisse
1275 1773 1362 1840 labo-

221 1899 298 1944 rem.
322 1879 463 1944 iacienda
485 1879 569 1943 enim
592 1883 666 1943 sunt
690 1879 818 1942 tandem
842 1879 1010 1960 aliquando
1033 1879 1248 1960 fundamenta,
1271 1897 1362 1962 quae,

220 1984 343 2048 etiamsi
367 1984 446 2049 lorte
470 1983 582 2048 cedant
606 1986 762 2066 exparte,
794 1987 900 2047 tamen
925 1982 1077 2064 funditus,
1108 1987 1144 2046 ut
1171 2001 1271 2066 spero,
1299 1985 1362 2048 non

220 2089 411 2153 disicientur.

262 2192 322 2258 Sed
345 2211 457 2276 operae
479 2193 614 2276 pretium
638 2211 706 2256 esse
726 2193 850 2257 uidetur
866 2210 1028 2275 exponere,
1052 2210 1113 2274 qua
1129 2193 1181 2256 uia
1195 2195 1225 2256 et
1240 2193 1361 2257 ratione

219 2317 264 2378 ea,
288 2297 423 2380 quaein
446 2295 553 2361 libello
576 2315 672 2380 supra
694 2298 788 2362 allato
811 2297 911 2361 fusius
940 2298 1076 2379 exposui,
1105 2298 1267 2361 enucleare
1295 2301 1361 2362 stu·

218 2403 349 2467 dnerim.
394 2419 430 2468 oc
460 2419 532 2466 cum
564 2405 708 2466 ueterum
738 2401 921 2466 testimonia
947 2401 986 2466 dc
1009 2401 1141 2485 singulis
1165 2401 1360 2485 singulorum

218 2507 405 2590 scriptorum
435 2505 570 2570 homiliis
600 2509 687 2570 certa
713 2523 839 2589 perraro
863 2509 995 2585 exstent,
1027 2506 1167 2570 codicum
1191 2506 1360 2570 auctoritas

218 2613 250 2675 in
279 2611 465 2695 scriptorum
492 2609 672 2674 nominibus
701 2611 860 2675 tradendis
889 2611 1016 2674 maximi
1040 2611 1190 2674 momenti
1214 2629 1282 2674 esse
1307 2611 1360 2676 de·
1433 2603 1436 2612 '

219 2715 316 2796 beret,
346 2715 417 2796 nisi,
448 2733 526 2797 quae
557 2715 644 2779 initio
675 2733 695 2779 a
724 2715 875 2797 scriptore
904 2715 971 2796 ipso
998 2715 1049 2778 uel
1076 2714 1168 2797 paulo
1195 2718 1267 2797 post
1294 2715 1359 2779 eius

217 2823 350 2884 mortem
373 2820 406 2884 in
430 2838 529 2884 unum
551 2837 662 2902 eorpus
685 2819 828 2883 redactae
856 2818 957 2882 editae
986 2823 1075 2882 erant
1095 2817 1252 2899 homiliae,
1279 2823 1359 2883 tcm-

217 2943 328 3008 pornm
358 2925 501 3004 decursu,
531 2927 623 3006 prout
653 2943 728 2988 usus
758 2922 888 3003 ferebat,
919 2927 974 2986 aut
1004 2923 1145 3005 singulae
1171 2927 1227 2986 aut
1253 2923 1357 3006 plures

217 3029 346 3093 auulsas
369 3028 523 3093 coeteris
553 3047 624 3092 cum
653 3028 721 3092 aliis
750 3028 882 3091 aliorum
909 3027 1096 3110 scriptorum
1124 3026 1261 3092 homiliis
1289 3047 1359 3110 per-

218 3133 332 3197 mixtae
353 3135 467 3198 essent.
506 3133 579 3196 inde
596 3132 680 3196 enim
695 3131 762 3196 fieri
778 3134 910 3214 poterat,
934 3133 970 3194 nt
985 3131 1052 3194 ueri
1068 3131 1226 3213 scriptoris
1243 3149 1358 3196 nomen

217 3237 413 3302 intercideret
429 3241 460 3302 et
474 3241 584 3319 postea
599 3235 684 3300 aliud
704 3253 819 3300 nomen
843 3235 1007 3300 adderetur
1030 3253 1065 3298 ex
1089 3235 1216 3299 arbitrio
1239 3234 1357 3300 librarii

216 3347 271 3406 aut
301 3361 414 3406 nomen
444 3341 568 3424 aliquod
599 3341 735 3424 optimae
765 3345 857 3405 notae
884 3341 972 3404 uelut
998 3339 1153 3423 imprimis
1176 3339 1357 3423 Augustini,

215 3446 384 3526 Ambrosii,
407 3446 539 3510 Maximi
555 3445 767 3526 TeurinensiS,
791 3445 903 3509 Leonis
919 3444 1030 3528 Magni
1053 3444 1257 3526 aliorumque,
1280 3462 1356 3526 quos

216 3569 375 3616 sermones
399 3551 561 3634 scripsisse
584 3549 713 3630 sciebat,
738 3550 952 3633 supponentiS,
975 3553 1031 3614 aut
1051 3566 1165 3612 nomen
1187 3549 1355 3632 scriptoris,

215 3653 297 3738 quod
324 3655 520 3720 antecedenti
549 3654 694 3720 homiliae
717 3654 946 3737 praescriptum
969 3652 1154 3735 reperiebat,
1185 3653 1257 3718 huic
1280 3672 1357 3735 quc·

214 3779 274 3843 que
304 3761 509 3826 obtrudentis
548 3777 626 3842 quae
657 3778 728 3824 cnm
758 3759 802 3823 ita
832 3758 905 3838 sint,
935 3759 1072 3841 primum
1103 3757 1273 3822 uidendum
1297 3763 1355 3840 est,

215 3883 291 3929 num
322 3869 443 3930 exstent
471 3865 541 3929 libri
575 3863 780 3946 manuscripti
814 3863 989 3946 complures
1023 3863 1163 3927 eiusdem
1198 3863 1355 3944 scriptoris

213 3969 356 4034 homilias
384 3967 577 4048 exhibentes
605 3967 718 4050 quibos
745 3969 826 4031 inter
855 3985 888 4031 se
915 3967 1036 4032 collatis
1059 3967 1197 4050 genuino
1219 3967 1354 4050 corporis

213 4073 376 4138 cuiusdam
404 4091 585 4138 sermonum
613 4073 714 4137 lorma
736 4076 792 4136 aut
814 4071 937 4136 restitui
960 4075 1014 4136 aut
1040 4069 1218 4136 adumbrari
1244 4073 1354 4154 possit,

213 4179 243 4242 id
267 4177 348 4260 qnod
372 4179 403 4242 in
420 4177 536 4242 Fausto
560 4180 665 4242 nostro
682 4176 771 4241 nobis
787 4177 955 4259 contigisse
971 4175 1153 4260 gaudemus.
1193 4195 1353 4242 sermones

213 4283 298 4346 enirn
321 4283 365 4346 illi
389 4281 488 4362 latini,
512 4283 574 4364 qui
597 4281 710 4364 uulgo
726 4281 887 4345 Eusebio
902 4279 1076 4346 Emiseno
1100 4280 1353 4360 ascribuntur,

212 4405 404 4470 quamquam
432 4387 546 4452 falsum
575 4385 733 4468 scriptoris
757 4401 871 4449 nomen
896 4403 931 4448 ex
955 4385 1096 4450 omnium
1120 4385 1257 4449 uirorum
1282 4385 1353 4448 doc-
