3268 5142
800 516 930 570 Ruricii

501 691 549 755 No
572 692 635 756 fors
659 692 821 775 displiceat
843 692 921 756 leuis
944 708 1077 755 camena

502 797 595 860 Tanti
617 797 729 861 iudicio
752 796 853 861 minor
875 795 1027 879 magistri.

501 899 570 965 Hoc
593 904 627 965 tu
649 899 820 965 luminibus
842 899 942 964 bbens
966 917 1099 978 recurre,

501 1004 570 1069 Hoc
593 1005 709 1070 sanetis
732 1003 877 1068 manibus
900 1004 1046 1086 frequens
1068 1001 1206 1082 reuolue,

501 1109 570 1174 Hoc
592 1112 627 1174 tu
650 1109 725 1174 dum
747 1109 870 1193 relegis,
894 1108 956 1173 mei
978 1109 1146 1172 memento.

500 1213 554 1277 Me
577 1232 701 1296 semper
723 1215 841 1278 recolat
863 1215 1017 1295 canatque
1040 1211 1149 1294 lingua

500 1317 651 1382 sumens
674 1337 726 1383 me
748 1321 864 1398 teneat,
888 1334 979 1400 sopor
1001 1318 1146 1396 retentet,

500 1421 553 1486 Me
577 1440 700 1503 semper
721 1423 840 1486 recinat
863 1425 952 1486 tuum
974 1419 1135 1484 labellum.

500 1526 566 1590 Hos
590 1529 625 1590 ιιι
648 1524 819 1590 uisceribus
841 1525 901 1608 piis
924 1524 1068 1604 reconde,

499 1631 566 1695 Hos
590 1633 671 1694 tecto
694 1631 835 1695 residens
858 1630 1006 1711 uiamque
1029 1645 1170 1710 carpens,

499 1734 566 1798 Hos
588 1735 669 1799 inter
692 1734 802 1799 calices
826 1738 893 1799 toro
915 1731 1102 1798 recumbens

501 1838 542 1902 Et
562 1856 672 1921 parcos
696 1839 804 1922 epulas
828 1837 975 1920 cibosque
999 1836 1116 1916 dulces,

499 1941 601 2007 Antro
623 1943 758 2026 pectoris
782 1945 814 2006 et
836 1941 976 2006 medulla
998 1940 1098 2005 cordis

500 2047 641 2111 Inclusos
663 2047 761 2111 recita
784 2049 916 2110 canente
940 2048 1055 2110 mente.

500 2148 549 2214 Sic
571 2167 627 2214 nos
651 2153 682 2215 et
704 2153 829 2215 mutuos
853 2149 959 2214 uidere
981 2149 1087 2213 uultus

499 2253 537 2318 lit
558 2255 639 2318 uiuis
661 2255 781 2319 tribuat
802 2253 918 2318 referre
941 2252 1057 2336 uerbis,

499 2355 584 2437 Quae
608 2377 690 2422 nuno
712 2358 825 2422 intime
847 2357 981 2441 pectoris
1004 2357 1149 2440 fatigant,

499 2461 642 2546 Largitur
665 2462 741 2526 deus
765 2462 907 2526 omnium
929 2461 1082 2527 bonorum

500 2565 641 2630 Christus
664 2585 736 2631 cum
758 2569 847 2651 patre
871 2567 1062 2649 sempiterno
1084 2581 1219 2648 regnans

499 2669 612 2736 Sancto
635 2671 758 2753 spiritui
781 2671 946 2754 dignantes
969 2671 1112 2754 hymnos.

825 2914 894 2978 XX.

292 3074 412 3116 nomme
434 3075 601 3116 morumne
625 3073 812 3123 SEMPERQUE
835 3073 1006 3116 mnemrroo
1028 3072 1112 3114 mmo
1134 3071 1266 3115 nosmco
1286 3073 1436 3116 mumolus

771 3160 949 3204 EPISOOPUS.

336 3295 589 3378 inquietudinem
619 3295 696 3360 mihi
727 3295 765 3360 ab
797 3295 866 3360 aliis
899 3298 930 3359 et
961 3294 1049 3358 uobis
1073 3313 1092 3358 a
1114 3312 1165 3358 me
1197 3293 1272 3358 facit
1294 3293 1434 3358 amicitia

240 3427 265 3466 ss
293 3400 478 3481 eommunis,
503 3401 585 3482 quia,
602 3401 655 3482 qui
671 3419 720 3464 me
737 3400 818 3484 apud
834 3418 901 3476 noe,
924 3417 986 3464 non
1003 3399 1070 3462 dico
1086 3399 1232 3478 multum,
1256 3398 1311 3462 sed
1326 3399 1435 3462 omnia

291 3521 383 3586 posse
406 3503 576 3585 confidunt,
600 3503 639 3568 ad
663 3505 858 3569 ecclesiolam
875 3507 1015 3568 nostram
1031 3520 1086 3586 pro
1104 3521 1161 3567 sua
1176 3502 1342 3567 securitate
1358 3521 1431 3566 cou-

291 3607 426 3692 lugiunt.
462 3626 593 3690 quorum
617 3625 673 3691 ego
697 3627 759 3674 non
781 3627 912 3692 possum
935 3625 997 3672 nou
1021 3611 1053 3671 et
1075 3606 1238 3672 condolere
1260 3605 1433 3691 gemitibus

292 3715 323 3776 et
343 3711 487 3794 precibus
511 3711 665 3792 oboedire,
688 3715 724 3776 ut
745 3730 801 3795 pro
824 3713 965 3795 ipsorum
987 3711 1115 3793 quidem
1134 3714 1234 3792 reatu,
1259 3710 1313 3775 sed
1330 3713 1361 3774 et
1376 3729 1433 3794 pro

291 3819 396 3881 uestro
427 3817 542 3900 pariter
572 3815 714 3899 proiectu
740 3816 890 3899 potestati
917 3818 1041 3880 uestrae
1064 3815 1222 3880 adtentius
1246 3814 1432 3898 supplicem.

239 3944 265 3984 oo
291 3937 349 3985 uec
379 3921 508 4000 mirmis,
539 3920 622 4002 quod
653 3919 716 3984 dixi
745 3920 870 3984 illorum
900 3923 1022 3984 reatum
1051 3919 1090 3983 ad
1112 3921 1255 3983 uestrum
1276 3918 1432 4000 pertinere

290 4024 476 4106 proiectum,
500 4023 654 4106 siquidem
676 4024 800 4088 illorum
823 4023 1019 4108 indulgentie
1040 4025 1147 4087 uestra
1168 4021 1204 4086 fit
1223 4023 1326 4102 uenia,
1350 4022 1434 4086 siout

336 4193 510 4250 loamiuaS
560 4194 729 4250 niuditios
780 4197 953 4250 breuersac
1005 4197 1029 4251 3.
1043 4197 1097 4251 4.5
1115 4193 1176 4263 hoc]
1196 4193 1435 4264 hosLuctJ'olouan

291 4279 419 4348 5relegis
434 4281 470 4336 8¹
488 4283 518 4336 in
537 4299 637 4338 rasura
689 4281 853 4337 memores
902 4280 1066 4338 81abellum
1085 4300 1109 4352 o,
1127 4281 1202 4336 bello
1213 4283 1237 4338 S
1289 4283 1320 4336 ll
1339 4279 1434 4337 forno

292 4369 324 4424 12
344 4365 519 4435 sybosqueS
573 4369 606 4423 14
624 4369 738 4423 cantab*
790 4370 821 4423 15
840 4367 967 4424 uultosS
1019 4371 1051 4426 18
1068 4367 1203 4437 largiore
1253 4369 1286 4423 20
1304 4367 1434 4438 hymnos]

292 4453 392 4507 finiunt
409 4469 501 4506 uersus
520 4453 623 4509 adds&
674 4455 708 4508 24
726 4453 753 4524 lib
771 4455 817 4522 3¹,
836 4452 869 4507 ab
889 4455 926 4510 δ’
978 4453 1183 4510 ammisitiasS
1233 4455 1265 4509 27
1285 4469 1334 4522 ego
1352 4471 1435 4510 omo
