3268 5142
292 472 356 537 386
797 475 923 528 Ruricii

292 651 380 728 teret,
405 649 459 712 sed
482 666 537 730 per
560 648 659 712 cordis
682 649 829 712 intuitum
850 648 922 712 inde
939 667 973 712 se
988 649 1124 712 inuicem
1141 649 1203 712 cari
1218 650 1320 732 gratia
1335 651 1432 713 inter-

292 755 435 815 currente
458 752 682 834 conspioerent,
706 753 760 815 ubi
783 752 895 816 caritas
919 753 988 835 ipsa
1010 753 1160 816 consist't.

335 856 376 920 Et
389 856 456 920 ideo
473 857 607 920 salntem
622 857 822 938 plenissimae
838 875 912 940 erga
927 875 988 936 me,
1013 859 1165 938 quantum
1180 858 1304 939 propria
1324 861 1432 921 mente

293 961 418 1040 conicio,
449 961 558 1044 pietati
589 964 711 1025 uestrae
740 962 883 1025 deferens
914 961 998 1026 omni
1029 979 1157 1044 precum
1185 961 1354 1025 ambitione
1378 962 1433 1026 de·

253 1091 266 1128 e
292 1083 394 1148 posco,
426 1066 450 1128 si
481 1065 570 1129 nobis
593 1083 700 1148 parem
724 1065 897 1148 repensatis
920 1065 1077 1145 affectum,
1109 1065 1136 1128 si
1159 1065 1252 1128 simili
1274 1083 1330 1130 nos
1353 1067 1433 1130 cari-

293 1172 357 1232 tate
380 1168 516 1252 diligitis,
548 1169 574 1232 si
597 1169 714 1250 aliquid
737 1170 769 1232 in
792 1167 963 1232 uisceribus
986 1171 1099 1234 uestris
1123 1187 1209 1233 amor
1232 1172 1336 1232 noster
1358 1188 1434 1252 ope·

293 1275 390 1352 ratur,
408 1273 433 1336 si
450 1291 548 1354 usque
564 1273 603 1336 ad
619 1273 772 1336 medullas
788 1272 888 1336 cordis
904 1273 1001 1336 uestri
1017 1273 1141 1336 dilectio
1157 1277 1263 1336 nostra
1277 1273 1432 1355 peruenit,
1489 1293 1495 1302 ·

293 1377 319 1440 ei
349 1377 393 1440 ita
422 1394 478 1440 uos
508 1393 564 1459 pro
595 1395 655 1456 me,
687 1395 781 1458 quam
813 1395 862 1440 me
892 1393 948 1458 pro
971 1377 1060 1439 uobis
1083 1376 1245 1440 dulcedine
1267 1377 1433 1458 potestatis

294 1481 440 1560 edomuit,
472 1483 507 1544 nt
535 1481 664 1563 imperio
695 1481 792 1563 ipsius
823 1499 880 1542 neo
911 1479 1037 1561 possitis
1065 1480 1209 1544 resistere
1237 1499 1293 1544 nec
1316 1481 1432 1560 uelitis,

242 1611 267 1650 ιο
293 1585 332 1648 ad
363 1584 591 1648 desiderantem
614 1585 742 1648 fratrem
768 1584 823 1665 [si]
849 1583 1028 1646 desiderans
1052 1584 1233 1664 quantocius
1257 1585 1362 1648 uenire
1385 1585 1433 1648 ie-

293 1689 406 1752 stinato
437 1687 587 1751 beneficio
619 1691 650 1751 cl
676 1687 864 1770 promissum
888 1688 1046 1751 soluturus
1071 1688 1208 1751 debitum
1232 1692 1263 1752 et
1285 1691 1432 1752 mutuum

293 1793 492 1874 mitigaturus
517 1791 674 1871 affectum,
698 1792 769 1873 quia
789 1809 892 1854 coram
909 1791 1001 1873 positi
1017 1792 1177 1872 aequalem
1194 1791 1282 1856 uobis
1298 1793 1433 1875 grabam

293 1895 330 1957 de
354 1899 461 1958 nostra
484 1895 744 1978 contemplatione
768 1899 799 1958 et
819 1896 1032 1959 conlocutione
1048 1895 1276 1978 praestabimus
1292 1899 1434 1960 tantum-

294 2017 363 2080 que,
395 1999 431 2078 si,
462 2002 497 2063 ut
527 1999 675 2083 diligeris,
707 1999 821 2082 diligis,
853 2018 871 2062 a
901 2019 951 2062 ma
982 2000 1169 2063 retribuetur
1201 2001 1321 2063 caritati
1348 2005 1433 2081 tuae,

242 2130 267 2170 ιε
295 2105 446 2183 quantum
477 2107 511 2166 tu
542 2121 630 2166 meae
660 2104 725 2184 ipse
750 2103 906 2166 detuleris
954 2121 1010 2166 nec
1034 2121 1107 2166 sane
1130 2104 1161 2166 in
1186 2104 1338 2167 ueniendo
1360 2105 1435 2167 fati-

292 2207 449 2290 gationem
481 2207 596 2289 poteris
627 2208 807 2287 formidare,
843 2209 930 2289 quia,
965 2211 1000 2270 ut
1030 2209 1082 2271 ille
1113 2208 1204 2287 dixit,
1238 2208 1330 2272 uicit
1362 2209 1434 2272 iter

293 2310 423 2374 durum
445 2311 581 2393 pictae,
614 2315 645 2376 et
667 2313 752 2375 iuxta
775 2313 950 2394 apostolum
974 2316 1115 2375 nostrum
1142 2313 1281 2375 caritas
1310 2313 1436 2375 omnia

294 2416 471 2494 sustinet,
496 2433 575 2497 quae
599 2435 655 2479 neo
679 2416 809 2496 quaerit,
834 2435 912 2497 quae
928 2434 985 2479 sua
1001 2419 1083 2495 sunt,
1108 2435 1163 2479 nec
1179 2434 1329 2496 nmquam
1344 2417 1437 2480 nouit

294 2519 441 2583 excidere.
487 2523 637 2602 oportune
668 2521 764 2583 etiam
794 2520 982 2584 desideranti
1005 2520 1115 2584 uiatori
1138 2520 1328 2583 autumnalis
1352 2523 1436 2583 tem-

241 2651 268 2690 so
293 2624 377 2706 poris
401 2625 542 2706 congruit
565 2641 637 2687 cum
652 2624 780 2687 caritate
796 2625 972 2706 temperies
996 2625 1023 2687 si
1039 2643 1108 2687 eam
1124 2629 1230 2687 tamen
1246 2624 1436 2706 praeteritae

294 2728 422 2791 aestatis
444 2728 547 2791 feruor
563 2728 721 2807 accendat,
745 2745 806 2791 non
823 2728 1016 2792 aduenientis
1032 2728 1144 2792 hiemis
1160 2728 1247 2810 algor
1263 2727 1433 2810 extinguat.

837 2953 892 3016 XI.

601 3114 678 3153 ITEM
701 3113 852 3154 EPISTULA
875 3111 974 3153 Domnu
997 3111 1123 3154 Rumon.

337 3245 471 3310 Relectis
501 3247 612 3310 litteris
644 3247 723 3310 meis
754 3247 885 3310 fortasse
917 3246 1095 3326 miraberis
1130 3245 1211 3327 quod
1241 3247 1436 3312 uenerationi

242 3374 268 3414 se
295 3352 367 3412 tuae
397 3350 487 3413 fratri
518 3351 705 3432 scripserim,
737 3369 807 3413 curn
838 3350 897 3414 boc
920 3369 977 3413 nec
1001 3351 1097 3414 aetati
1119 3353 1244 3414 nostrae
1267 3351 1436 3414 conueniat

294 3471 351 3516 nec
374 3453 493 3533 honori,
517 3454 600 3535 qnia,
625 3453 706 3518 sicut
728 3473 778 3518 me
801 3455 901 3518 maior
924 3472 956 3518 cs
981 3457 1067 3533 natu,
1092 3454 1136 3517 ita
1158 3453 1259 3516 minor
1276 3473 1308 3517 es
1324 3454 1434 3536 gradu.

295 3559 326 3620 et
347 3556 426 3636 ideo,
451 3557 477 3620 si
500 3557 539 3620 ad
562 3562 649 3621 tuam
672 3557 728 3620 deo
748 3559 879 3641 propilio
899 3558 1143 3640 longaeuitntem
1160 3560 1215 3620 ant
1234 3558 1272 3620 ad
1293 3562 1434 3622 nostram

293 3660 537 3742 respexissemus
562 3661 873 3742 administrationem,
897 3666 951 3725 aut
973 3662 1056 3743 patri
1076 3661 1209 3725 scribere
1225 3661 1434 3726 debueramus

339 3824 382 3894 16]
403 3824 481 3894 Uerg.
494 3825 559 3879 Aen.
573 3823 612 3878 VI
630 3826 688 3881 688.
744 3825 787 3894 17]
808 3828 820 3880 l
842 3825 900 3880 Cor.
916 3826 955 3890 13,
969 3827 993 3879 7.
1007 3829 1030 3881 5.
1043 3829 1068 3883 8.

337 3971 575 4040 3planissimeS
646 3971 853 4029 ldelerentS
921 3973 1070 4028 beatitate
1093 3987 1179 4028 noso
1249 3973 1436 4030 caritatcmS

294 4059 410 4112 demere
424 4060 501 4114 SKr.
555 4059 607 4114 8si
620 4059 658 4111 ita
670 4077 693 4122 o,
707 4059 815 4126 sicaS,
828 4059 850 4113 si
863 4063 919 4112 tam
932 4061 982 4114 Kr.
1038 4059 1213 4115 dulcidinaS
1264 4059 1438 4116 suarides

295 4146 327 4200 10
346 4144 368 4196 si
386 4147 465 4200 uoce
482 4147 591 4211 inclusi,
609 4163 660 4200 om.
674 4165 689 4200 c
761 4145 895 4198 desideras
913 4147 965 4200 Kr.
1031 4146 1157 4200 festinato
1175 4148 1281 4215 scripsi,
1301 4145 1435 4200 festinabo

295 4231 325 4298 S,
336 4228 434 4283 festina
446 4232 497 4285 Kr.
554 4234 585 4286 12
599 4231 757 4301 equalemb'
808 4230 898 4287 nobS
949 4232 1190 4288 15inueniench
1241 4235 1274 4288 18
1286 4247 1336 4300 qua
1350 4235 1437 4288 necS

295 4319 327 4372 19
346 4315 464 4370 excidere
481 4319 588 4386 scripsi,
607 4317 730 4370 excedere
750 4318 778 4386 S,
797 4320 831 4386 cf.
841 4335 871 4387 p.
885 4321 975 4387 388,6
1032 4323 1177 4388 oportunae
1195 4320 1218 4374 S
1273 4321 1306 4374 21
1326 4320 1436 4372 seruus

293 4405 324 4457 iu
341 4420 394 4458 rae.
409 4404 446 4458 8²
498 4405 532 4458 23
551 4403 676 4459 runicis
726 4406 759 4459 24
777 4403 877 4459 relictis
897 4405 933 4459 3¹
987 4407 1019 4459 27
1039 4402 1275 4472 longeuitatemS
