<?xml version="1.0" encoding="UTF-8"?>
<!DOCTYPE html PUBLIC "-//W3C//DTD XHTML 1.0 Transitional//EN"
    "http://www.w3.org/TR/xhtml1/DTD/xhtml1-transitional.dtd">
<html xmlns="http://www.w3.org/1999/xhtml" xml:lang="en" lang="en">
 <head>
  <title>
</title>
<meta http-equiv="Content-Type" content="text/html;charset=utf-8" />
  <meta name='ocr-system' content='tesseract 3.04.00' />
  <meta name='ocr-capabilities' content='ocr_page ocr_carea ocr_par ocr_line ocrx_word'/>
</head>
<body>
  <div class='ocr_page' id='page_1' title='image "./praetersermones01fausgoog/praetersermones01fausgoog_0070.png"; bbox 0 0 3320 5140; ppageno 0'>
   <div class='ocr_carea' id='block_1_1' title="bbox 662 477 1349 547">
    <p class='ocr_par' dir='ltr' id='par_1_1' title="bbox 662 477 1349 547">
     <span class='ocr_line' id='line_1_1' title="bbox 662 477 1349 547; baseline 0 -15"><span class='ocrx_word' id='word_1_1' title='bbox 662 477 905 547; x_wconf 86' lang='lat' dir='ltr'>Prolegomena.</span> <span class='ocrx_word' id='word_1_2' title='bbox 1258 477 1349 532; x_wconf 83' lang='lat' dir='ltr'>LXIII</span> 
     </span>
    </p>
   </div>
   <div class='ocr_carea' id='block_1_2' title="bbox 206 652 1349 4488">
    <p class='ocr_par' dir='ltr' id='par_1_2' title="bbox 210 652 1349 1449">
     <span class='ocr_line' id='line_1_2' title="bbox 211 652 1348 736; baseline 0 -18"><span class='ocrx_word' id='word_1_3' title='bbox 211 655 274 719; x_wconf 91' lang='lat' dir='ltr'>dno</span> <span class='ocrx_word' id='word_1_4' title='bbox 298 655 382 719; x_wconf 92' lang='lat' dir='ltr'>enirn</span> <span class='ocrx_word' id='word_1_5' title='bbox 404 653 485 735; x_wconf 81' lang='lat' dir='ltr'>libri,</span> <span class='ocrx_word' id='word_1_6' title='bbox 516 655 548 718; x_wconf 92' lang='lat' dir='ltr'>in</span> <span class='ocrx_word' id='word_1_7' title='bbox 579 652 691 735; x_wconf 89' lang='lat' dir='ltr'>quibus</span> <span class='ocrx_word' id='word_1_8' title='bbox 719 653 844 719; x_wconf 89' lang='lat' dir='ltr'>libellus</span> <span class='ocrx_word' id='word_1_9' title='bbox 872 655 909 717; x_wconf 93' lang='lat' dir='ltr'>de</span> <span class='ocrx_word' id='word_1_10' title='bbox 936 655 1055 719; x_wconf 88' lang='lat' dir='ltr'>ratione</span> <span class='ocrx_word' id='word_1_11' title='bbox 1082 653 1155 718; x_wconf 88' lang='lat' dir='ltr'>fidei</span> <span class='ocrx_word' id='word_1_12' title='bbox 1177 654 1348 736; x_wconf 87' lang='lat' dir='ltr'>impressus</span> 
     </span>
     <span class='ocr_line' id='line_1_3' title="bbox 212 758 1348 841; baseline 0 -19"><span class='ocrx_word' id='word_1_13' title='bbox 212 761 326 840; x_wconf 84' lang='lat' dir='ltr'>exstat,</span> <span class='ocrx_word' id='word_1_14' title='bbox 354 762 425 824; x_wconf 90' lang='lat' dir='ltr'>ante</span> <span class='ocrx_word' id='word_1_15' title='bbox 453 759 523 841; x_wconf 93' lang='lat' dir='ltr'>plns</span> <span class='ocrx_word' id='word_1_16' title='bbox 550 761 707 822; x_wconf 87' lang='lat' dir='ltr'>trecentos</span> <span class='ocrx_word' id='word_1_17' title='bbox 736 776 834 823; x_wconf 88' lang='lat' dir='ltr'>annos</span> <span class='ocrx_word' id='word_1_18' title='bbox 857 758 932 823; x_wconf 91' lang='lat' dir='ltr'>editi</span> <span class='ocrx_word' id='word_1_19' title='bbox 954 761 986 822; x_wconf 90' lang='lat' dir='ltr'>et</span> <span class='ocrx_word' id='word_1_20' title='bbox 1008 758 1069 822; x_wconf 91' lang='lat' dir='ltr'>nisi</span> <span class='ocrx_word' id='word_1_21' title='bbox 1091 758 1197 841; x_wconf 84' lang='lat' dir='ltr'>paucis</span> <span class='ocrx_word' id='word_1_22' title='bbox 1225 761 1348 841; x_wconf 87' lang='lat' dir='ltr'>praesto</span> 
     </span>
     <span class='ocr_line' id='line_1_4' title="bbox 211 862 1348 928; baseline -0.002 0"><span class='ocrx_word' id='word_1_23' title='bbox 211 881 275 928; x_wconf 90' lang='lat' dir='ltr'>uon</span> <span class='ocrx_word' id='word_1_24' title='bbox 299 867 382 928; x_wconf 89' lang='lat' dir='ltr'>sunt.</span> <span class='ocrx_word' id='word_1_25' title='bbox 418 863 467 927; x_wconf 91' lang='lat' dir='ltr'>cui</span> <span class='ocrx_word' id='word_1_26' title='bbox 486 862 682 927; x_wconf 90' lang='lat' dir='ltr'>incommodo</span> <span class='ocrx_word' id='word_1_27' title='bbox 698 862 872 927; x_wconf 91' lang='lat' dir='ltr'>remedium</span> <span class='ocrx_word' id='word_1_28' title='bbox 888 862 1068 926; x_wconf 79' lang='lat' dir='ltr'>etiamnunc</span> <span class='ocrx_word' id='word_1_29' title='bbox 1084 863 1222 926; x_wconf 86' lang='lat' dir='ltr'>inuenire</span> <span class='ocrx_word' id='word_1_30' title='bbox 1239 863 1348 927; x_wconf 91' lang='lat' dir='ltr'>studeo</span> 
     </span>
     <span class='ocr_line' id='line_1_5' title="bbox 211 965 1348 1050; baseline -0.001 -20"><span class='ocrx_word' id='word_1_31' title='bbox 211 971 243 1031; x_wconf 89' lang='lat' dir='ltr'>et</span> <span class='ocrx_word' id='word_1_32' title='bbox 274 968 452 1050; x_wconf 87' lang='lat' dir='ltr'>appendicis</span> <span class='ocrx_word' id='word_1_33' title='bbox 482 967 549 1032; x_wconf 92' lang='lat' dir='ltr'>loco</span> <span class='ocrx_word' id='word_1_34' title='bbox 571 967 713 1030; x_wconf 92' lang='lat' dir='ltr'>libellum</span> <span class='ocrx_word' id='word_1_35' title='bbox 735 966 844 1030; x_wconf 80' lang='lat' dir='ltr'>Fausti</span> <span class='ocrx_word' id='word_1_36' title='bbox 866 965 980 1048; x_wconf 82' lang='lat' dir='ltr'>publici</span> <span class='ocrx_word' id='word_1_37' title='bbox 1002 966 1078 1030; x_wconf 92' lang='lat' dir='ltr'>iuris</span> <span class='ocrx_word' id='word_1_38' title='bbox 1105 967 1196 1046; x_wconf 86' lang='lat' dir='ltr'>facio,</span> <span class='ocrx_word' id='word_1_39' title='bbox 1227 984 1289 1048; x_wconf 90' lang='lat' dir='ltr'>qua</span> <span class='ocrx_word' id='word_1_40' title='bbox 1315 985 1348 1030; x_wconf 91' lang='lat' dir='ltr'>re</span> 
     </span>
     <span class='ocr_line' id='line_1_6' title="bbox 211 1071 1348 1155; baseline -0.001 -20"><span class='ocrx_word' id='word_1_41' title='bbox 211 1073 321 1136; x_wconf 80' lang='lat' dir='ltr'>mrdtis</span> <span class='ocrx_word' id='word_1_42' title='bbox 351 1076 477 1155; x_wconf 88' lang='lat' dir='ltr'>gratum</span> <span class='ocrx_word' id='word_1_43' title='bbox 507 1074 582 1155; x_wconf 93' lang='lat' dir='ltr'>puto</span> <span class='ocrx_word' id='word_1_44' title='bbox 610 1090 660 1135; x_wconf 89' lang='lat' dir='ltr'>me</span> <span class='ocrx_word' id='word_1_45' title='bbox 687 1071 854 1152; x_wconf 87' lang='lat' dir='ltr'>facturum,</span> <span class='ocrx_word' id='word_1_46' title='bbox 886 1089 1075 1153; x_wconf 90' lang='lat' dir='ltr'>quamquam</span> <span class='ocrx_word' id='word_1_47' title='bbox 1104 1071 1241 1134; x_wconf 94' lang='lat' dir='ltr'>noudum</span> <span class='ocrx_word' id='word_1_48' title='bbox 1272 1071 1348 1134; x_wconf 93' lang='lat' dir='ltr'>mihi</span> 
     </span>
     <span class='ocr_line' id='line_1_7' title="bbox 210 1174 1349 1260; baseline -0.002 -20"><span class='ocrx_word' id='word_1_49' title='bbox 210 1177 353 1260; x_wconf 78' lang='lat' dir='ltr'>eontIgIt,</span> <span class='ocrx_word' id='word_1_50' title='bbox 381 1179 417 1240; x_wconf 88' lang='lat' dir='ltr'>ut</span> <span class='ocrx_word' id='word_1_51' title='bbox 445 1175 560 1240; x_wconf 89' lang='lat' dir='ltr'>librum</span> <span class='ocrx_word' id='word_1_52' title='bbox 584 1175 832 1258; x_wconf 85' lang='lat' dir='ltr'>manuscriptum</span> <span class='ocrx_word' id='word_1_53' title='bbox 855 1175 1061 1256; x_wconf 78' lang='lat' dir='ltr'>nanciscerer,</span> <span class='ocrx_word' id='word_1_54' title='bbox 1089 1174 1171 1238; x_wconf 91' lang='lat' dir='ltr'>unde</span> <span class='ocrx_word' id='word_1_55' title='bbox 1195 1175 1269 1239; x_wconf 91' lang='lat' dir='ltr'>editi</span> <span class='ocrx_word' id='word_1_56' title='bbox 1291 1174 1349 1238; x_wconf 87' lang='lat' dir='ltr'>tlu-</span> 
     </span>
     <span class='ocr_line' id='line_1_8' title="bbox 210 1277 1348 1362; baseline 0.001 -20"><span class='ocrx_word' id='word_1_57' title='bbox 210 1284 339 1354; x_wconf 77' lang='lat' dir='ltr'>xerunt3</span> <span class='ocrx_word' id='word_1_58' title='bbox 362 1297 441 1362; x_wconf 88' lang='lat' dir='ltr'>quae</span> <span class='ocrx_word' id='word_1_59' title='bbox 465 1277 526 1344; x_wconf 90' lang='lat' dir='ltr'>fuit</span> <span class='ocrx_word' id='word_1_60' title='bbox 548 1297 653 1361; x_wconf 86' lang='lat' dir='ltr'>eausa,</span> <span class='ocrx_word' id='word_1_61' title='bbox 678 1279 760 1362; x_wconf 92' lang='lat' dir='ltr'>quod</span> <span class='ocrx_word' id='word_1_62' title='bbox 782 1278 925 1344; x_wconf 86' lang='lat' dir='ltr'>libellum</span> <span class='ocrx_word' id='word_1_63' title='bbox 948 1297 1047 1362; x_wconf 90' lang='lat' dir='ltr'>usqne</span> <span class='ocrx_word' id='word_1_64' title='bbox 1063 1279 1164 1344; x_wconf 89' lang='lat' dir='ltr'>adhuc</span> <span class='ocrx_word' id='word_1_65' title='bbox 1180 1278 1270 1343; x_wconf 90' lang='lat' dir='ltr'>cdere</span> <span class='ocrx_word' id='word_1_66' title='bbox 1286 1297 1348 1343; x_wconf 91' lang='lat' dir='ltr'>non</span> 
     </span>
     <span class='ocr_line' id='line_1_9' title="bbox 211 1403 412 1449; baseline 0.005 -1"><span class='ocrx_word' id='word_1_67' title='bbox 211 1403 307 1449; x_wconf 91' lang='lat' dir='ltr'>ausus</span> <span class='ocrx_word' id='word_1_68' title='bbox 331 1403 412 1449; x_wconf 89' lang='lat' dir='ltr'>sum.</span> 
     </span>
    </p>

    <p class='ocr_par' dir='ltr' id='par_1_3' title="bbox 207 1487 1349 3549">
     <span class='ocr_line' id='line_1_10' title="bbox 255 1487 1346 1572; baseline -0.004 -18"><span class='ocrx_word' id='word_1_69' title='bbox 255 1489 360 1571; x_wconf 85' lang='lat' dir='ltr'>Atque</span> <span class='ocrx_word' id='word_1_70' title='bbox 388 1488 481 1554; x_wconf 86' lang='lat' dir='ltr'>editio</span> <span class='ocrx_word' id='word_1_71' title='bbox 507 1491 652 1572; x_wconf 90' lang='lat' dir='ltr'>princeps</span> <span class='ocrx_word' id='word_1_72' title='bbox 681 1488 779 1553; x_wconf 84' lang='lat' dir='ltr'>libelli</span> <span class='ocrx_word' id='word_1_73' title='bbox 802 1488 840 1552; x_wconf 92' lang='lat' dir='ltr'>da</span> <span class='ocrx_word' id='word_1_74' title='bbox 862 1489 981 1553; x_wconf 87' lang='lat' dir='ltr'>ratione</span> <span class='ocrx_word' id='word_1_75' title='bbox 1005 1487 1076 1552; x_wconf 88' lang='lat' dir='ltr'>fidei</span> <span class='ocrx_word' id='word_1_76' title='bbox 1099 1491 1207 1552; x_wconf 88' lang='lat' dir='ltr'>curata</span> <span class='ocrx_word' id='word_1_77' title='bbox 1233 1491 1282 1552; x_wconf 86' lang='lat' dir='ltr'>est</span> <span class='ocrx_word' id='word_1_78' title='bbox 1308 1487 1346 1552; x_wconf 89' lang='lat' dir='ltr'>ab</span> 
     </span>
     <span class='ocr_line' id='line_1_11' title="bbox 210 1591 1349 1675; baseline -0.001 -18"><span class='ocrx_word' id='word_1_79' title='bbox 210 1593 329 1658; x_wconf 87' lang='lat' dir='ltr'>Ioanne</span> <span class='ocrx_word' id='word_1_80' title='bbox 352 1591 501 1658; x_wconf 90' lang='lat' dir='ltr'>Sichardo</span> <span class='ocrx_word' id='word_1_81' title='bbox 524 1592 727 1675; x_wconf 78' lang='lat' dir='ltr'>(Antidotum</span> <span class='ocrx_word' id='word_1_82' title='bbox 747 1597 856 1658; x_wconf 87' lang='lat' dir='ltr'>contra</span> <span class='ocrx_word' id='word_1_83' title='bbox 870 1593 1009 1657; x_wconf 89' lang='lat' dir='ltr'>diuersas</span> <span class='ocrx_word' id='word_1_84' title='bbox 1025 1592 1164 1657; x_wconf 91' lang='lat' dir='ltr'>omniurn</span> <span class='ocrx_word' id='word_1_85' title='bbox 1181 1593 1245 1656; x_wconf 89' lang='lat' dir='ltr'>fere</span> <span class='ocrx_word' id='word_1_86' title='bbox 1261 1609 1349 1656; x_wconf 91' lang='lat' dir='ltr'>secu·</span> 
     </span>
     <span class='ocr_line' id='line_1_12' title="bbox 209 1693 1348 1778; baseline -0.001 -18"><span class='ocrx_word' id='word_1_87' title='bbox 209 1698 313 1762; x_wconf 92' lang='lat' dir='ltr'>lorum</span> <span class='ocrx_word' id='word_1_88' title='bbox 336 1697 492 1776; x_wconf 89' lang='lat' dir='ltr'>haereses,</span> <span class='ocrx_word' id='word_1_89' title='bbox 516 1697 667 1778; x_wconf 88' lang='lat' dir='ltr'>Basileae,</span> <span class='ocrx_word' id='word_1_90' title='bbox 687 1697 862 1761; x_wconf 74' lang='lat' dir='ltr'>&#39;excudebat</span> <span class='ocrx_word' id='word_1_91' title='bbox 877 1697 1031 1762; x_wconf 89' lang='lat' dir='ltr'>Henricus</span> <span class='ocrx_word' id='word_1_92' title='bbox 1047 1697 1142 1776; x_wconf 89' lang='lat' dir='ltr'>Petri,</span> <span class='ocrx_word' id='word_1_93' title='bbox 1164 1693 1271 1778; x_wconf 81' lang='lat'>1528),</span> <span class='ocrx_word' id='word_1_94' title='bbox 1295 1696 1348 1777; x_wconf 89' lang='lat' dir='ltr'>qui</span> 
     </span>
     <span class='ocr_line' id='line_1_13' title="bbox 209 1799 1349 1884; baseline -0.002 -19"><span class='ocrx_word' id='word_1_95' title='bbox 209 1802 243 1865; x_wconf 92' lang='lat' dir='ltr'>in</span> <span class='ocrx_word' id='word_1_96' title='bbox 271 1802 406 1883; x_wconf 80' lang='lat' dir='ltr'>epistula</span> <span class='ocrx_word' id='word_1_97' title='bbox 432 1801 619 1866; x_wconf 86' lang='lat' dir='ltr'>dedicatoria</span> <span class='ocrx_word' id='word_1_98' title='bbox 646 1802 685 1864; x_wconf 90' lang='lat' dir='ltr'>ad</span> <span class='ocrx_word' id='word_1_99' title='bbox 708 1799 945 1884; x_wconf 83' lang='lat' dir='ltr'>sigismundum</span> <span class='ocrx_word' id='word_1_100' title='bbox 972 1819 1080 1884; x_wconf 91' lang='lat' dir='ltr'>regem</span> <span class='ocrx_word' id='word_1_101' title='bbox 1102 1800 1249 1864; x_wconf 88' lang='lat' dir='ltr'>Poloniac</span> <span class='ocrx_word' id='word_1_102' title='bbox 1277 1801 1349 1864; x_wconf 86' lang='lat' dir='ltr'>data</span> 
     </span>
     <span class='ocr_line' id='line_1_14' title="bbox 209 1904 1348 1988; baseline -0.001 -20"><span class='ocrx_word' id='word_1_103' title='bbox 209 1925 244 1968; x_wconf 88' lang='lat' dir='ltr'>se</span> <span class='ocrx_word' id='word_1_104' title='bbox 268 1905 353 1969; x_wconf 90' lang='lat' dir='ltr'>Petri</span> <span class='ocrx_word' id='word_1_105' title='bbox 376 1905 500 1969; x_wconf 83' lang='lat' dir='ltr'>Tomitii</span> <span class='ocrx_word' id='word_1_106' title='bbox 528 1905 663 1988; x_wconf 83' lang='lat' dir='ltr'>episcopi</span> <span class='ocrx_word' id='word_1_107' title='bbox 688 1905 903 1970; x_wconf 80' lang='lat' dir='ltr'>Oracouiensis</span> <span class='ocrx_word' id='word_1_108' title='bbox 931 1905 1126 1970; x_wconf 87' lang='lat' dir='ltr'>humanitate</span> <span class='ocrx_word' id='word_1_109' title='bbox 1154 1909 1185 1968; x_wconf 93' lang='lat' dir='ltr'>et</span> <span class='ocrx_word' id='word_1_110' title='bbox 1212 1904 1348 1968; x_wconf 90' lang='lat' dir='ltr'>liberali·</span> 
     </span>
     <span class='ocr_line' id='line_1_15' title="bbox 210 2009 1348 2094; baseline -0.002 -20"><span class='ocrx_word' id='word_1_111' title='bbox 210 2013 276 2074; x_wconf 89' lang='lat' dir='ltr'>tato</span> <span class='ocrx_word' id='word_1_112' title='bbox 299 2009 584 2074; x_wconf 87' lang='lat' dir='ltr'>uetustissimorum</span> <span class='ocrx_word' id='word_1_113' title='bbox 608 2010 746 2074; x_wconf 91' lang='lat' dir='ltr'>uirorum</span> <span class='ocrx_word' id='word_1_114' title='bbox 769 2013 975 2079; x_wconf 89' lang='lat' dir='ltr'>monumenta</span> <span class='ocrx_word' id='word_1_115' title='bbox 995 2010 1132 2094; x_wconf 91' lang='lat' dir='ltr'>primum</span> <span class='ocrx_word' id='word_1_116' title='bbox 1155 2009 1292 2094; x_wconf 82' lang='lat' dir='ltr'>prolerre</span> <span class='ocrx_word' id='word_1_117' title='bbox 1316 2009 1348 2072; x_wconf 93' lang='lat' dir='ltr'>in</span> 
     </span>
     <span class='ocr_line' id='line_1_16' title="bbox 209 2111 1347 2199; baseline -0.004 -21"><span class='ocrx_word' id='word_1_118' title='bbox 209 2113 313 2178; x_wconf 87' lang='lat' dir='ltr'>lucam</span> <span class='ocrx_word' id='word_1_119' title='bbox 345 2113 420 2177; x_wconf 85' lang='lat' dir='ltr'>dicit</span> <span class='ocrx_word' id='word_1_120' title='bbox 443 2115 487 2178; x_wconf 91' lang='lat' dir='ltr'>sic</span> <span class='ocrx_word' id='word_1_121' title='bbox 509 2131 601 2194; x_wconf 91' lang='lat' dir='ltr'>noua,</span> <span class='ocrx_word' id='word_1_122' title='bbox 632 2121 670 2175; x_wconf 86' lang='lat' dir='ltr'>ut</span> <span class='ocrx_word' id='word_1_123' title='bbox 700 2112 799 2176; x_wconf 80' lang='lat' dir='ltr'>totius</span> <span class='ocrx_word' id='word_1_124' title='bbox 831 2111 911 2175; x_wconf 81' lang='lat' dir='ltr'>libri</span> <span class='ocrx_word' id='word_1_125' title='bbox 937 2135 977 2176; x_wconf 85' lang='lat' dir='ltr'>ne</span> <span class='ocrx_word' id='word_1_126' title='bbox 1003 2111 1132 2198; x_wconf 80' lang='lat' dir='ltr'>quidem</span> <span class='ocrx_word' id='word_1_127' title='bbox 1155 2134 1239 2199; x_wconf 72' lang='lat' dir='ltr'>apem</span> <span class='ocrx_word' id='word_1_128' title='bbox 1260 2134 1347 2176; x_wconf 82' lang='lat' dir='ltr'>uuus</span> 
     </span>
     <span class='ocr_line' id='line_1_17' title="bbox 210 2215 1348 2304; baseline 0.003 -26"><span class='ocrx_word' id='word_1_129' title='bbox 210 2226 317 2292; x_wconf 81' lang='lat' dir='ltr'>autea,</span> <span class='ocrx_word' id='word_1_130' title='bbox 340 2215 427 2302; x_wconf 80' lang='lat' dir='ltr'>quod</span> <span class='ocrx_word' id='word_1_131' title='bbox 441 2215 555 2280; x_wconf 81' lang='lat' dir='ltr'>saltem</span> <span class='ocrx_word' id='word_1_132' title='bbox 569 2217 719 2295; x_wconf 82' lang='lat' dir='ltr'>aciamus,</span> <span class='ocrx_word' id='word_1_133' title='bbox 735 2217 880 2280; x_wconf 78' lang='lat' dir='ltr'>eutitcro‘t</span> <span class='ocrx_word' id='word_1_134' title='bbox 895 2215 1005 2304; x_wconf 76' lang='lat' dir='ltr'>uulgo.</span> <span class='ocrx_word' id='word_1_135' title='bbox 1029 2219 1226 2283; x_wconf 88' lang='lat' dir='ltr'>continentur</span> <span class='ocrx_word' id='word_1_136' title='bbox 1241 2223 1348 2282; x_wconf 87' lang='lat' dir='ltr'>autam</span> 
     </span>
     <span class='ocr_line' id='line_1_18' title="bbox 210 2321 1348 2406; baseline -0.001 -20"><span class='ocrx_word' id='word_1_137' title='bbox 210 2341 246 2386; x_wconf 90' lang='lat' dir='ltr'>eo</span> <span class='ocrx_word' id='word_1_138' title='bbox 274 2322 435 2386; x_wconf 92' lang='lat' dir='ltr'>uolumine</span> <span class='ocrx_word' id='word_1_139' title='bbox 462 2326 585 2406; x_wconf 89' lang='lat' dir='ltr'>praeter</span> <span class='ocrx_word' id='word_1_140' title='bbox 611 2321 736 2404; x_wconf 90' lang='lat' dir='ltr'>Iustini,</span> <span class='ocrx_word' id='word_1_141' title='bbox 764 2321 941 2403; x_wconf 81' lang='lat' dir='ltr'>Athanasii,</span> <span class='ocrx_word' id='word_1_142' title='bbox 969 2322 1061 2386; x_wconf 88' lang='lat' dir='ltr'>Marii</span> <span class='ocrx_word' id='word_1_143' title='bbox 1089 2322 1242 2388; x_wconf 91' lang='lat' dir='ltr'>Uictorini</span> <span class='ocrx_word' id='word_1_144' title='bbox 1269 2322 1348 2403; x_wconf 84' lang='lat' dir='ltr'>Airi,</span> 
     </span>
     <span class='ocr_line' id='line_1_19' title="bbox 208 2424 1347 2510; baseline 0.001 -21"><span class='ocrx_word' id='word_1_145' title='bbox 208 2425 322 2490; x_wconf 86' lang='lat' dir='ltr'>Hilarii</span> <span class='ocrx_word' id='word_1_146' title='bbox 345 2425 564 2506; x_wconf 89' lang='lat' dir='ltr'>Pictauiensis,</span> <span class='ocrx_word' id='word_1_147' title='bbox 587 2425 757 2507; x_wconf 85' lang='lat' dir='ltr'>Ambrosii,</span> <span class='ocrx_word' id='word_1_148' title='bbox 781 2425 956 2508; x_wconf 82' lang='lat' dir='ltr'>Theophili,</span> <span class='ocrx_word' id='word_1_149' title='bbox 979 2424 1086 2508; x_wconf 90' lang='lat' dir='ltr'>Idacii,</span> <span class='ocrx_word' id='word_1_150' title='bbox 1103 2425 1219 2510; x_wconf 83' lang='lat' dir='ltr'>Oyrilli,</span> <span class='ocrx_word' id='word_1_151' title='bbox 1235 2427 1347 2506; x_wconf 91' lang='lat' dir='ltr'>Procli,</span> 
     </span>
     <span class='ocr_line' id='line_1_20' title="bbox 209 2529 1346 2613; baseline 0.001 -20"><span class='ocrx_word' id='word_1_152' title='bbox 209 2529 378 2611; x_wconf 85' lang='lat' dir='ltr'>Timothei,</span> <span class='ocrx_word' id='word_1_153' title='bbox 394 2529 551 2595; x_wconf 87' lang='lat' dir='ltr'>Uinccntii</span> <span class='ocrx_word' id='word_1_154' title='bbox 563 2529 753 2612; x_wconf 86' lang='lat' dir='ltr'>Lorinensis,</span> <span class='ocrx_word' id='word_1_155' title='bbox 768 2530 914 2613; x_wconf 88' lang='lat' dir='ltr'>Prosperi</span> <span class='ocrx_word' id='word_1_156' title='bbox 925 2529 1105 2612; x_wconf 86' lang='lat' dir='ltr'>Aquitanici</span> <span class='ocrx_word' id='word_1_157' title='bbox 1121 2531 1238 2613; x_wconf 87' lang='lat' dir='ltr'>scripta</span> <span class='ocrx_word' id='word_1_158' title='bbox 1252 2548 1346 2612; x_wconf 89' lang='lat' dir='ltr'>quae-</span> 
     </span>
     <span class='ocr_line' id='line_1_21' title="bbox 209 2633 1345 2718; baseline 0.001 -21"><span class='ocrx_word' id='word_1_159' title='bbox 209 2635 282 2698; x_wconf 90' lang='lat' dir='ltr'>dam</span> <span class='ocrx_word' id='word_1_160' title='bbox 310 2633 445 2700; x_wconf 89' lang='lat' dir='ltr'>Uicteris</span> <span class='ocrx_word' id='word_1_161' title='bbox 476 2635 611 2718; x_wconf 87' lang='lat' dir='ltr'>episcopi</span> <span class='ocrx_word' id='word_1_162' title='bbox 640 2634 712 2699; x_wconf 88' lang='lat' dir='ltr'>fidei</span> <span class='ocrx_word' id='word_1_163' title='bbox 741 2635 820 2700; x_wconf 87' lang='lat' dir='ltr'>ratio</span> <span class='ocrx_word' id='word_1_164' title='bbox 850 2635 1007 2698; x_wconf 84' lang='lat' dir='ltr'>HunerIco</span> <span class='ocrx_word' id='word_1_165' title='bbox 1037 2635 1103 2717; x_wconf 90' lang='lat' dir='ltr'>regi</span> <span class='ocrx_word' id='word_1_166' title='bbox 1133 2634 1345 2699; x_wconf 90' lang='lat' dir='ltr'>Uandalorum</span> 
     </span>
     <span class='ocr_line' id='line_1_22' title="bbox 208 2737 1345 2822; baseline 0 -20"><span class='ocrx_word' id='word_1_167' title='bbox 208 2737 341 2818; x_wconf 86' lang='lat' dir='ltr'>reddita,</span> <span class='ocrx_word' id='word_1_168' title='bbox 365 2737 500 2804; x_wconf 81' lang='lat' dir='ltr'>Cerealis</span> <span class='ocrx_word' id='word_1_169' title='bbox 524 2739 660 2821; x_wconf 89' lang='lat' dir='ltr'>episcopi</span> <span class='ocrx_word' id='word_1_170' title='bbox 675 2738 940 2822; x_wconf 80' lang='lat' dir='ltr'>Carthaginiensis</span> <span class='ocrx_word' id='word_1_171' title='bbox 960 2739 1110 2802; x_wconf 88' lang='lat' dir='ltr'>aduersus</span> <span class='ocrx_word' id='word_1_172' title='bbox 1125 2737 1345 2819; x_wconf 82' lang='lat' dir='ltr'>Maximinum,</span> 
     </span>
     <span class='ocr_line' id='line_1_23' title="bbox 208 2841 1345 2926; baseline 0 -20"><span class='ocrx_word' id='word_1_173' title='bbox 208 2841 327 2907; x_wconf 84' lang='lat' dir='ltr'>Gelasii</span> <span class='ocrx_word' id='word_1_174' title='bbox 350 2843 485 2926; x_wconf 88' lang='lat' dir='ltr'>episcopi</span> <span class='ocrx_word' id='word_1_175' title='bbox 500 2843 633 2908; x_wconf 90' lang='lat' dir='ltr'>Romani</span> <span class='ocrx_word' id='word_1_176' title='bbox 656 2843 694 2906; x_wconf 91' lang='lat' dir='ltr'>de</span> <span class='ocrx_word' id='word_1_177' title='bbox 717 2843 837 2908; x_wconf 90' lang='lat' dir='ltr'>duabus</span> <span class='ocrx_word' id='word_1_178' title='bbox 860 2843 980 2908; x_wconf 86' lang='lat' dir='ltr'>naturis</span> <span class='ocrx_word' id='word_1_179' title='bbox 1003 2843 1035 2906; x_wconf 93' lang='lat' dir='ltr'>iu</span> <span class='ocrx_word' id='word_1_180' title='bbox 1051 2842 1173 2908; x_wconf 78' lang='lat' dir='ltr'>Christo</span> <span class='ocrx_word' id='word_1_181' title='bbox 1196 2843 1345 2907; x_wconf 86' lang='lat' dir='ltr'>aduersus</span> 
     </span>
     <span class='ocr_line' id='line_1_24' title="bbox 207 2947 1344 3032; baseline 0.001 -22"><span class='ocrx_word' id='word_1_182' title='bbox 207 2947 472 3030; x_wconf 79' lang='lat' dir='ltr'>Eutychianistas,</span> <span class='ocrx_word' id='word_1_183' title='bbox 495 2947 621 3012; x_wconf 87' lang='lat' dir='ltr'>Ioannis</span> <span class='ocrx_word' id='word_1_184' title='bbox 645 2947 780 3032; x_wconf 89' lang='lat' dir='ltr'>episcopi</span> <span class='ocrx_word' id='word_1_185' title='bbox 799 2947 931 3012; x_wconf 85' lang='lat' dir='ltr'>Romani</span> <span class='ocrx_word' id='word_1_186' title='bbox 953 2948 992 3011; x_wconf 89' lang='lat' dir='ltr'>de</span> <span class='ocrx_word' id='word_1_187' title='bbox 1019 2947 1139 3012; x_wconf 89' lang='lat' dir='ltr'>duabus</span> <span class='ocrx_word' id='word_1_188' title='bbox 1166 2947 1286 3012; x_wconf 89' lang='lat' dir='ltr'>naturis</span> <span class='ocrx_word' id='word_1_189' title='bbox 1313 2947 1344 3011; x_wconf 92' lang='lat' dir='ltr'>in</span> 
     </span>
     <span class='ocr_line' id='line_1_25' title="bbox 208 3049 1345 3134; baseline 0.001 -19"><span class='ocrx_word' id='word_1_190' title='bbox 208 3049 344 3131; x_wconf 84' lang='lat' dir='ltr'>Christo,</span> <span class='ocrx_word' id='word_1_191' title='bbox 368 3050 496 3115; x_wconf 84' lang='lat' dir='ltr'>Fausti</span> <span class='ocrx_word' id='word_1_192' title='bbox 518 3051 684 3134; x_wconf 89' lang='lat' dir='ltr'>episcopi</span> <span class='ocrx_word' id='word_1_193' title='bbox 706 3051 798 3115; x_wconf 82' lang='lat' dir='ltr'>fidei</span> <span class='ocrx_word' id='word_1_194' title='bbox 820 3051 916 3116; x_wconf 92' lang='lat' dir='ltr'>ratio</span> <span class='ocrx_word' id='word_1_195' title='bbox 944 3055 979 3116; x_wconf 90' lang='lat' dir='ltr'>et</span> <span class='ocrx_word' id='word_1_196' title='bbox 1007 3052 1152 3133; x_wconf 87' lang='lat' dir='ltr'>aliquot</span> <span class='ocrx_word' id='word_1_197' title='bbox 1177 3051 1345 3116; x_wconf 91' lang='lat' dir='ltr'>locorum</span> 
     </span>
     <span class='ocr_line' id='line_1_26' title="bbox 207 3152 1345 3239; baseline 0.003 -21"><span class='ocrx_word' id='word_1_198' title='bbox 207 3155 308 3218; x_wconf 92' lang='lat' dir='ltr'>inter</span> <span class='ocrx_word' id='word_1_199' title='bbox 334 3173 372 3218; x_wconf 90' lang='lat' dir='ltr'>se</span> <span class='ocrx_word' id='word_1_200' title='bbox 400 3153 555 3219; x_wconf 88' lang='lat' dir='ltr'>collatio</span> <span class='ocrx_word' id='word_1_201' title='bbox 582 3154 648 3237; x_wconf 84' lang='lat' dir='ltr'>(iol.</span> <span class='ocrx_word' id='word_1_202' title='bbox 670 3152 897 3239; x_wconf 65' lang='lat' dir='ltr'>taur-240²),</span> <span class='ocrx_word' id='word_1_203' title='bbox 924 3155 1075 3220; x_wconf 80' lang='lat' dir='ltr'>Antonini</span> <span class='ocrx_word' id='word_1_204' title='bbox 1102 3155 1237 3238; x_wconf 86' lang='lat' dir='ltr'>episcopi</span> <span class='ocrx_word' id='word_1_205' title='bbox 1265 3156 1345 3221; x_wconf 80' lang='lat' dir='ltr'>Gon·</span> 
     </span>
     <span class='ocr_line' id='line_1_27' title="bbox 207 3257 1345 3345; baseline 0.001 -23"><span class='ocrx_word' id='word_1_206' title='bbox 207 3257 424 3324; x_wconf 87' lang='lat' dir='ltr'>stantiniensis</span> <span class='ocrx_word' id='word_1_207' title='bbox 451 3259 491 3323; x_wconf 87' lang='lat' dir='ltr'>ud</span> <span class='ocrx_word' id='word_1_208' title='bbox 518 3257 688 3323; x_wconf 87' lang='lat' dir='ltr'>Arcadium</span> <span class='ocrx_word' id='word_1_209' title='bbox 717 3259 855 3324; x_wconf 84' lang='lat' dir='ltr'>exsulem</span> <span class='ocrx_word' id='word_1_210' title='bbox 883 3260 1096 3340; x_wconf 87' lang='lat' dir='ltr'>consolatoria,</span> <span class='ocrx_word' id='word_1_211' title='bbox 1126 3259 1253 3343; x_wconf 88' lang='lat' dir='ltr'>Agnclli</span> <span class='ocrx_word' id='word_1_212' title='bbox 1281 3261 1345 3345; x_wconf 91' lang='lat' dir='ltr'>epi-</span> 
     </span>
     <span class='ocr_line' id='line_1_28' title="bbox 207 3363 1344 3446; baseline 0.003 -20"><span class='ocrx_word' id='word_1_213' title='bbox 207 3363 294 3446; x_wconf 91' lang='lat' dir='ltr'>scopi</span> <span class='ocrx_word' id='word_1_214' title='bbox 316 3363 356 3427; x_wconf 89' lang='lat' dir='ltr'>ad</span> <span class='ocrx_word' id='word_1_215' title='bbox 377 3363 557 3428; x_wconf 89' lang='lat' dir='ltr'>Arminium</span> <span class='ocrx_word' id='word_1_216' title='bbox 580 3363 618 3427; x_wconf 91' lang='lat' dir='ltr'>de</span> <span class='ocrx_word' id='word_1_217' title='bbox 640 3365 760 3428; x_wconf 89' lang='lat' dir='ltr'>ratione</span> <span class='ocrx_word' id='word_1_218' title='bbox 787 3363 869 3444; x_wconf 90' lang='lat' dir='ltr'>fidei,</span> <span class='ocrx_word' id='word_1_219' title='bbox 899 3363 1019 3429; x_wconf 82' lang='lat' dir='ltr'>Rustici</span> <span class='ocrx_word' id='word_1_220' title='bbox 1047 3364 1167 3428; x_wconf 91' lang='lat' dir='ltr'>diaconi</span> <span class='ocrx_word' id='word_1_221' title='bbox 1193 3365 1344 3430; x_wconf 88' lang='lat' dir='ltr'>aduersus</span> 
     </span>
     <span class='ocr_line' id='line_1_29' title="bbox 208 3467 384 3549; baseline 0.006 -18"><span class='ocrx_word' id='word_1_222' title='bbox 208 3467 384 3549; x_wconf 83' lang='lat' dir='ltr'>acephalos.</span> 
     </span>
    </p>

    <p class='ocr_par' dir='ltr' id='par_1_4' title="bbox 207 3571 1344 4160">
     <span class='ocr_line' id='line_1_30' title="bbox 251 3571 1343 3656; baseline 0.002 -20"><span class='ocrx_word' id='word_1_223' title='bbox 251 3571 355 3656; x_wconf 88' lang='lat' dir='ltr'>Aegre</span> <span class='ocrx_word' id='word_1_224' title='bbox 371 3571 511 3652; x_wconf 82' lang='lat' dir='ltr'>ferImue,</span> <span class='ocrx_word' id='word_1_225' title='bbox 533 3573 616 3654; x_wconf 90' lang='lat' dir='ltr'>quod</span> <span class='ocrx_word' id='word_1_226' title='bbox 639 3589 701 3637; x_wconf 92' lang='lat' dir='ltr'>non</span> <span class='ocrx_word' id='word_1_227' title='bbox 725 3572 810 3636; x_wconf 88' lang='lat' dir='ltr'>addit</span> <span class='ocrx_word' id='word_1_228' title='bbox 824 3571 991 3654; x_wconf 85' lang='lat' dir='ltr'>Sicharius,</span> <span class='ocrx_word' id='word_1_229' title='bbox 1013 3574 1096 3638; x_wconf 90' lang='lat' dir='ltr'>undo</span> <span class='ocrx_word' id='word_1_230' title='bbox 1119 3592 1177 3638; x_wconf 87' lang='lat' dir='ltr'>sua</span> <span class='ocrx_word' id='word_1_231' title='bbox 1195 3573 1343 3654; x_wconf 88' lang='lat' dir='ltr'>hauserit,</span> 
     </span>
     <span class='ocr_line' id='line_1_31' title="bbox 207 3675 1344 3760; baseline 0.002 -20"><span class='ocrx_word' id='word_1_232' title='bbox 207 3675 270 3740; x_wconf 93' lang='lat' dir='ltr'>nisi</span> <span class='ocrx_word' id='word_1_233' title='bbox 296 3675 377 3758; x_wconf 90' lang='lat' dir='ltr'>quod</span> <span class='ocrx_word' id='word_1_234' title='bbox 404 3676 437 3740; x_wconf 93' lang='lat' dir='ltr'>in</span> <span class='ocrx_word' id='word_1_235' title='bbox 463 3675 654 3760; x_wconf 84' lang='lat' dir='ltr'>praelatione</span> <span class='ocrx_word' id='word_1_236' title='bbox 676 3677 789 3742; x_wconf 90' lang='lat' dir='ltr'>codicis</span> <span class='ocrx_word' id='word_1_237' title='bbox 812 3678 974 3742; x_wconf 90' lang='lat' dir='ltr'>cuiusdam</span> <span class='ocrx_word' id='word_1_238' title='bbox 996 3677 1212 3742; x_wconf 88' lang='lat' dir='ltr'>Murbacensis</span> <span class='ocrx_word' id='word_1_239' title='bbox 1236 3681 1267 3742; x_wconf 90' lang='lat' dir='ltr'>et</span> <span class='ocrx_word' id='word_1_240' title='bbox 1293 3697 1344 3742; x_wconf 89' lang='lat' dir='ltr'>co-</span> 
     </span>
     <span class='ocr_line' id='line_1_32' title="bbox 208 3779 1343 3864; baseline 0.003 -20"><span class='ocrx_word' id='word_1_241' title='bbox 208 3779 286 3844; x_wconf 89' lang='lat' dir='ltr'>dicis</span> <span class='ocrx_word' id='word_1_242' title='bbox 308 3779 511 3860; x_wconf 80' lang='lat' dir='ltr'>lheuhensis,</span> <span class='ocrx_word' id='word_1_243' title='bbox 534 3798 665 3862; x_wconf 90' lang='lat' dir='ltr'>quorum</span> <span class='ocrx_word' id='word_1_244' title='bbox 688 3783 818 3864; x_wconf 89' lang='lat' dir='ltr'>uterque</span> <span class='ocrx_word' id='word_1_245' title='bbox 841 3779 1006 3846; x_wconf 90' lang='lat' dir='ltr'>Athanasii</span> <span class='ocrx_word' id='word_1_246' title='bbox 1028 3781 1123 3848; x_wconf 91' lang='lat' dir='ltr'>libros</span> <span class='ocrx_word' id='word_1_247' title='bbox 1146 3782 1183 3845; x_wconf 89' lang='lat' dir='ltr'>de</span> <span class='ocrx_word' id='word_1_248' title='bbox 1207 3782 1343 3847; x_wconf 87' lang='lat' dir='ltr'>trinitate</span> 
     </span>
     <span class='ocr_line' id='line_1_33' title="bbox 207 3884 1344 3970; baseline 0.003 -22"><span class='ocrx_word' id='word_1_249' title='bbox 207 3884 407 3965; x_wconf 73' lang='lat' dir='ltr'>continuedt,</span> <span class='ocrx_word' id='word_1_250' title='bbox 430 3885 620 3950; x_wconf 89' lang='lat' dir='ltr'>mentionem</span> <span class='ocrx_word' id='word_1_251' title='bbox 643 3885 719 3949; x_wconf 86' lang='lat' dir='ltr'>facit</span> <span class='ocrx_word' id='word_1_252' title='bbox 738 3885 817 3949; x_wconf 91' lang='lat' dir='ltr'>etin</span> <span class='ocrx_word' id='word_1_253' title='bbox 833 3887 974 3970; x_wconf 83' lang='lat' dir='ltr'>margine</span> <span class='ocrx_word' id='word_1_254' title='bbox 990 3885 1028 3950; x_wconf 87' lang='lat' dir='ltr'>ad</span> <span class='ocrx_word' id='word_1_255' title='bbox 1044 3885 1187 3970; x_wconf 90' lang='lat' dir='ltr'>Prosperi</span> <span class='ocrx_word' id='word_1_256' title='bbox 1202 3885 1344 3952; x_wconf 89' lang='lat' dir='ltr'>libellum</span> 
     </span>
     <span class='ocr_line' id='line_1_34' title="bbox 207 3987 1343 4074; baseline 0.004 -22"><span class='ocrx_word' id='word_1_257' title='bbox 207 3988 246 4052; x_wconf 89' lang='lat' dir='ltr'>de</span> <span class='ocrx_word' id='word_1_258' title='bbox 270 3987 366 4052; x_wconf 89' lang='lat' dir='ltr'>libero</span> <span class='ocrx_word' id='word_1_259' title='bbox 388 3987 515 4053; x_wconf 87' lang='lat' dir='ltr'>arbitrio</span> <span class='ocrx_word' id='word_1_260' title='bbox 535 3989 672 4053; x_wconf 91' lang='lat' dir='ltr'>codicem</span> <span class='ocrx_word' id='word_1_261' title='bbox 688 3989 934 4072; x_wconf 88' lang='lat' dir='ltr'>Laurissensem,</span> <span class='ocrx_word' id='word_1_262' title='bbox 958 3991 997 4054; x_wconf 87' lang='lat' dir='ltr'>ad</span> <span class='ocrx_word' id='word_1_263' title='bbox 1011 3991 1139 4074; x_wconf 89' lang='lat' dir='ltr'>Agnelli</span> <span class='ocrx_word' id='word_1_264' title='bbox 1158 3991 1343 4074; x_wconf 87' lang='lat' dir='ltr'>opusculum</span> 
     </span>
     <span class='ocr_line' id='line_1_35' title="bbox 207 4091 1277 4160; baseline 0.003 -3"><span class='ocrx_word' id='word_1_265' title='bbox 207 4093 247 4158; x_wconf 93' lang='lat' dir='ltr'>de</span> <span class='ocrx_word' id='word_1_266' title='bbox 270 4094 388 4158; x_wconf 88' lang='lat' dir='ltr'>ratione</span> <span class='ocrx_word' id='word_1_267' title='bbox 411 4091 482 4157; x_wconf 89' lang='lat' dir='ltr'>fidei</span> <span class='ocrx_word' id='word_1_268' title='bbox 504 4093 617 4156; x_wconf 90' lang='lat' dir='ltr'>iterum</span> <span class='ocrx_word' id='word_1_269' title='bbox 640 4093 780 4157; x_wconf 91' lang='lat' dir='ltr'>codicem</span> <span class='ocrx_word' id='word_1_270' title='bbox 803 4093 1021 4159; x_wconf 82' lang='lat' dir='ltr'>Treuirensem</span> <span class='ocrx_word' id='word_1_271' title='bbox 1043 4100 1277 4160; x_wconf 86' lang='lat' dir='ltr'>commemorat.</span> 
     </span>
    </p>

    <p class='ocr_par' dir='ltr' id='par_1_5' title="bbox 206 4195 1343 4488">
     <span class='ocr_line' id='line_1_36' title="bbox 251 4195 1343 4280; baseline 0.003 -18"><span class='ocrx_word' id='word_1_272' title='bbox 251 4195 282 4262; x_wconf 86' lang='lat' dir='ltr'>Si</span> <span class='ocrx_word' id='word_1_273' title='bbox 305 4197 499 4262; x_wconf 88' lang='lat' dir='ltr'>coniecturae</span> <span class='ocrx_word' id='word_1_274' title='bbox 522 4197 608 4262; x_wconf 90' lang='lat' dir='ltr'>locus</span> <span class='ocrx_word' id='word_1_275' title='bbox 632 4201 691 4277; x_wconf 89' lang='lat' dir='ltr'>est,</span> <span class='ocrx_word' id='word_1_276' title='bbox 722 4197 830 4262; x_wconf 83' lang='lat' dir='ltr'>Fausti</span> <span class='ocrx_word' id='word_1_277' title='bbox 856 4215 988 4280; x_wconf 89' lang='lat' dir='ltr'>paruum</span> <span class='ocrx_word' id='word_1_278' title='bbox 1016 4197 1157 4264; x_wconf 89' lang='lat' dir='ltr'>libellum</span> <span class='ocrx_word' id='word_1_279' title='bbox 1180 4220 1216 4263; x_wconf 87' lang='lat' dir='ltr'>er</span> <span class='ocrx_word' id='word_1_280' title='bbox 1239 4201 1343 4266; x_wconf 90' lang='lat' dir='ltr'>codice</span> 
     </span>
     <span class='ocr_line' id='line_1_37' title="bbox 206 4301 1342 4386; baseline 0.002 -20"><span class='ocrx_word' id='word_1_281' title='bbox 206 4301 341 4386; x_wconf 88' lang='lat' dir='ltr'>quodam</span> <span class='ocrx_word' id='word_1_282' title='bbox 373 4301 591 4385; x_wconf 90' lang='lat' dir='ltr'>depromptum</span> <span class='ocrx_word' id='word_1_283' title='bbox 627 4320 695 4364; x_wconf 88' lang='lat' dir='ltr'>esse</span> <span class='ocrx_word' id='word_1_284' title='bbox 730 4303 927 4383; x_wconf 87' lang='lat' dir='ltr'>coniecerim,</span> <span class='ocrx_word' id='word_1_285' title='bbox 962 4321 1022 4386; x_wconf 90' lang='lat' dir='ltr'>qno</span> <span class='ocrx_word' id='word_1_286' title='bbox 1056 4304 1117 4368; x_wconf 89' lang='lat' dir='ltr'>alia</span> <span class='ocrx_word' id='word_1_287' title='bbox 1150 4323 1272 4386; x_wconf 84' lang='lat' dir='ltr'>quoque</span> <span class='ocrx_word' id='word_1_288' title='bbox 1305 4306 1342 4370; x_wconf 90' lang='lat' dir='ltr'>de</span> 
     </span>
     <span class='ocr_line' id='line_1_38' title="bbox 206 4405 1342 4488; baseline 0.001 -17"><span class='ocrx_word' id='word_1_289' title='bbox 206 4405 316 4471; x_wconf 85' lang='lat' dir='ltr'>eadem</span> <span class='ocrx_word' id='word_1_290' title='bbox 339 4425 373 4470; x_wconf 90' lang='lat' dir='ltr'>re</span> <span class='ocrx_word' id='word_1_291' title='bbox 397 4409 428 4470; x_wconf 88' lang='lat' dir='ltr'>et</span> <span class='ocrx_word' id='word_1_292' title='bbox 443 4406 583 4470; x_wconf 89' lang='lat' dir='ltr'>eiusdem</span> <span class='ocrx_word' id='word_1_293' title='bbox 599 4405 684 4469; x_wconf 89' lang='lat' dir='ltr'>tituli</span> <span class='ocrx_word' id='word_1_294' title='bbox 699 4406 816 4488; x_wconf 90' lang='lat' dir='ltr'>scripta</span> <span class='ocrx_word' id='word_1_295' title='bbox 830 4407 1081 4488; x_wconf 88' lang='lat' dir='ltr'>continebantur,</span> <span class='ocrx_word' id='word_1_296' title='bbox 1104 4409 1191 4472; x_wconf 88' lang='lat' dir='ltr'>uelut</span> <span class='ocrx_word' id='word_1_297' title='bbox 1206 4408 1342 4474; x_wconf 88' lang='lat' dir='ltr'>Uictoris</span> 
     </span>
    </p>
   </div>
   <div class='ocr_carea' id='block_1_3' title="bbox 0 0 1664 5140">
    <p class='ocr_par' dir='ltr' id='par_1_6' title="bbox 0 0 1664 5140">
     <span class='ocr_line' id='line_1_39' title="bbox 0 0 1664 5140; baseline 0 2"><span class='ocrx_word' id='word_1_298' title='bbox 0 0 1664 5140; x_wconf 95' lang='lat' dir='ltr'> </span> 
     </span>
    </p>
   </div>
  </div>
 </body>
</html>
